2556 4314
355 303 801 392 ‘mmmm.
1070 337 1112 400 ω

140 493 157 522 “
168 483 214 542 die
229 482 261 542 in
274 481 338 542 acie
352 492 448 544 stare:
469 500 528 541 neo
541 482 630 543 alium
650 481 744 542 virum
761 499 837 550 esse,
850 481 934 558 cujus
947 479 1062 540 strenue
1073 497 1110 542 sc

139 571 156 601 “
167 563 304 622 ferociter·
315 562 393 620 facta
406 562 437 620 iu
450 562 527 620 bello
539 561 623 636 plura
635 562 787 620 memorari
799 571 925 638 possent.
952 560 1035 621 Quid
1046 579 1110 638 pro·

137 645 155 674 “
166 643 263 711 desse,
280 641 322 720 si,
344 641 485 700 incolumi
504 641 593 709 Urbe,
607 661 681 716 quae,
705 643 800 718 capte,
825 641 931 700 ultima¹
946 640 1110 712 timeantur,

137 722 269 780 “liberis
292 721 352 788 suis
366 722 424 781 sint
439 721 576 798 patienda
586 722 598 777 l
609 721 625 747 '’
667 721 743 778 Haeo
757 719 846 796 prope
861 719 1112 780 concionibundus

112 800 310 861 sciroumibat
333 801 475 860 homines.
529 799 644 859 Similia
670 801 716 858 his
740 801 777 858 ab
801 799 887 858 Icilio
907 800 1111 876 jactabantur:

134 881 293 941 comitatus
306 880 458 940 muliebris
479 879 646 956 plustaoito
669 879 750 947 fletu,
765 879 853 955 quem
867 879 926 936 ulla
940 897 1003 948 vox,
1018 896 1113 939 move·

134 959 192 1019 bat.
235 961 383 1019 Adversus
403 978 467 1036 quae
489 959 588 1018 omnia
607 959 753 1018 obstinato
776 959 875 1018 animo
888 958 1005 1036 Appius
1020 958 1114 1035 (tanta

107 1079 109 1083 -
133 1039 174 1096 vis
199 1040 333 1112 amentia
358 1039 463 1108 veritis,
488 1037 575 1114 quam
597 1039 712 1106 amoris,
738 1048 866 1098 mentem
888 1039 1067 1119 turbaverat)
1082 1040 1113 1097 in

133 1117 256 1178 tribunal
280 1119 432 1178 escendit:
454 1128 492 1186 et,
508 1119 583 1178 ultro
606 1127 745 1195 querente
766 1137 860 1195 pauca
882 1118 1015 1195 petitore,
1034 1117 1112 1194 quod

104 1208 125 1250 rt
131 1196 176 1274 jus
188 1198 243 1256 sibi
257 1199 422 1276 pridie¹per
437 1199 623 1277 ambitionem
644 1199 756 1257 dictum
770 1217 829 1257 nou
843 1208 929 1272 esset,
943 1198 1111 1274 priusquam

133 1287 180 1335 aut
192 1277 241 1336 ille
266 1279 441 1354 postulatum
465 1288 626 1355 perageret,
640 1288 691 1337 aut
704 1277 839 1354 Virginio
852 1277 1047 1354 respondendi
1061 1276 1112 1336 da·

132 1355 206 1415 retur
220 1357 313 1427 locus,
339 1358 636 1435 Appius'interiatur.
677 1357 778 1420 Quem
803 1359 921 1416 decreto
946 1373 1112 1416 sermonem

130 1438 324 1511 praetenderit,
338 1438 436 1515 lorsan
460 1434 585 1513 aliquem
598 1455 697 1496 verum
717 1449 849 1496 auctores
863 1436 973 1512 antiqui
985 1435 1111 1494 tradide-

130 1514 204 1575 rint:
226 1517 298 1592 quia
310 1535 454 1591 nusquam
467 1517 558 1574 ullum
572 1516 603 1574 in
616 1519 695 1576 tanta
709 1517 837 1574 foeditate
849 1516 959 1574 decreti
972 1515 1111 1575 verisimi-

100 1592 187 1652 ulem
201 1596 324 1653 invenio
332 1616 339 1665 ;
355 1595 395 1662 id,
410 1595 486 1670 quod
501 1604 622 1662 constat,
637 1594 749 1652 nudum
759 1595 871 1653 videtur
880 1595 1111 1670 proponendum,

129 1672 270 1730 decresse
298 1674 441 1731 vindicias
474 1673 635 1731 secundum
662 1673 838 1731 servitutem.
891 1670 990 1730 Primo
1003 1683 1113 1748 otupor

128 1767 232 1811 omnes
258 1753 447 1821 admiratione
462 1753 511 1810 rei
532 1764 591 1811 tam
616 1752 720 1810 atrocis
744 1750 863 1810 defixit:
884 1751 1031 1809 silentium
1045 1750 1114 1810 inde

35 1883 39 1892 .
130 1830 311 1907 aliquamdiu
335 1832 438 1890 tenuit.
480 1831 558 1890 Dein
573 1851 661 1907 quum
676 1830 720 1890 M.
735 1829 888 1905 Claudius,
901 1830 1114 1890 circumstanti·

131 1909 182 1968 bus
194 1911 347 1979 matronis,
362 1911 417 1968 iret
441 1911 477 1968 ad
491 1911 728 1988 prehendendam
742 1910 893 1986 virginem,
907 1909 1113 1970 lamentabilis·

99 2005 184 2064 uque
208 2009 280 2047 eum
301 1989 454 2048 mulierum
475 1990 661 2066 comploratio
681 1991 864 2065 excepisset3
886 1989 1046 2066 Virginius,
1067 1989 1111 2050 in·

129 2077 250 2137 tentans
274 2069 303 2126 in
327 2069 455 2145 Appium
478 2087 592 2143 manus,
618 2068 763 2138 “Icilio,''
788 2069 891 2144 inquit,
915 2078 934 2106 ‘⁴
947 2069 1035 2145 Appi,
1050 2083 1109 2128 non
1165 2077 1183 2084 “

131 2147 218 2216 “tibi,
235 2147 325 2206 liliam
340 2148 498 2223 despondi3
521 2159 550 2206 et
564 2148 600 2205 ad
614 2148 738 2224 nuptias,
753 2166 813 2206 non
832 2149 868 2206 ad
882 2157 1023 2226 stuprum,
1038 2149 1109 2207 edu·

131 2229 149 2259 ‘⁴
157 2227 229 2284 cavi.
274 2227 374 2285 Placet
387 2228 533 2303 pecudum
548 2227 729 2302 ferarumque
743 2227 801 2285 ritu
814 2227 978 2304 promiscue
996 2227 1027 2285 in
1042 2243 1110 2287 oon·

131 2306 275 2364 “cubitus
288 2307 392 2364 rueret
410 2344 420 2360 ,ι
433 2305 588 2364 Passurine
609 2307 672 2364 haec
686 2307 733 2366 isti
747 2307 816 2375 sint,
831 2307 950 2366 nescio:
972 2325 1031 2366 non
1046 2324 1110 2384 spe·

101 2405 123 2446 ss
131 2391 149 2422 ‘⁶
159 2404 191 2444 ro
203 2405 270 2444 esse
283 2403 418 2462 passuros
442 2385 515 2460 illos,
529 2385 578 2461 qui
602 2403 682 2444 arma
695 2383 831 2444 habentr’
872 2386 977 2448 Quum
990 2387 1110 2462 repelle·

131 2474 203 2523 retur
217 2476 343 2524 assertor
357 2465 478 2542 virginis
500 2484 520 2522 a
532 2465 617 2541 globo
631 2465 785 2523 mulierum
799 2465 1108 2541 circumstantiumque

130 2544 343 2615 advocatorum,
358 2545 506 2604 silentium
520 2544 630 2602 factum
642 2562 693 2619 per
707 2561 880 2621 praeoonem.

87 2695 90 2702 ²
165 2701 313 2764 XLVIII.
335 2702 503 2776 Decemvir,
518 2701 660 2760 alienatus
674 2703 711 2760 ad
724 2700 876 2760 libidinem
889 2699 997 2769 animo,
1011 2710 1110 2778 negat,
1131 2725 1147 2760 ι,

132 2782 298 2843 “hesterno
321 2783 433 2842 tannim
456 2781 590 2845 convicio
603 2781 680 2840 Icilii
699 2781 891 2856 violentiaque
905 2780 1043 2858 virginii,
1058 2800 1109 2842 ou·
1132 2793 1135 2798 '

101 2869 151 2912 ὅθ’(
156 2861 203 2938 jus
223 2874 328 2923 testem
351 2847 673 2940 populumRomanum
696 2863 812 2937 habeat,
827 2861 877 2919 sed
896 2861 983 2920 certis
996 2879 1108 2938 quoque

132 2941 279 3000 “iudiciis
303 2953 480 3019 compertum
502 2963 537 3002 se
558 2943 676 3011 habere,
700 2952 787 3001 nocte
808 2943 866 3001 tota
885 2951 977 3000 cretur
991 2941 1021 3001 in
1036 2943 1108 3002 urbe

131 3028 150 3057 “
163 3019 257 3079 factos
281 3039 344 3078 esse
366 3023 402 3079 ad
423 3023 595 3082 movendam
616 3022 797 3082 seditionem.
840 3021 941 3099 Itaque
965 3041 1007 3095 se,
1029 3023 1108 3082 haud

132 3098 288 3157 “inscium
301 3101 363 3178 ejus
377 3102 580 3171 dimicationis,
595 3121 664 3161 cunr
687 3103 805 3162 armatis
827 3102 1032 3174 descendisse;
1048 3121 1116 3164 non

32 3211 34 3216 ·
131 3181 191 3236 “ut
204 3195 375 3256 quemquam
396 3183 526 3260 quietum
551 3183 678 3252 violaret,
701 3184 752 3242 sed
767 3193 799 3241 ut
819 3184 967 3242 turbantes
981 3183 1108 3243 civitatis

85 3259 252 3317 *amodum
265 3281 318 3337 pro
343 3264 493 3339 majestate
515 3263 629 3339 imperii
651 3270 808 3322 coerceret.
849 3262 977 3322 Proinde
991 3262 1107 3340 quidese

132 3345 150 3376 ‘⁶
161 3339 216 3396 erit
229 3341 342 3398 melius.
384 3343 428 3410 I‚'’
444 3343 547 3416 inquit,
562 3352 582 3378 ‘⁶
593 3342 699 3411 lictor,
721 3343 857 3401 submove
871 3343 1004 3413 turbam3
1026 3343 1108 3402 etde

29 3455 31 3458 -
119 3417 236 3500 '“viam
269 3419 387 3478 domino
415 3419 714 3496 adprehendendum
741 3422 949 3498 mancipium.’'
1003 3421 1107 3485 Quum

130 3494 194 3555 haro
207 3497 380 3557 intonuisset
393 3500 496 3575 plenus
509 3500 568 3574 ire,
582 3501 736 3560 multitudo
753 3502 860 3578 ipsese
874 3504 925 3560 sud
941 3511 1042 3576 sponte
1065 3497 1107 3553 di·

131 3576 238 3646 movit3
260 3576 429 3653 desertaque
452 3581 548 3656 praeda
569 3581 681 3658 injuria
695 3582 791 3658 puella
805 3582 905 3639 stabat.
947 3579 1028 3636 Tum
1042 3572 1107 3632 Vir·
1159 3647 1161 3654 Ι
1247 3639 1248 3648 ,

100 3654 236 3730 agimus,
259 3656 310 3714 ubi
332 3657 405 3716 nihil
430 3679 548 3735 usquam
573 3661 671 3724 auxilii
695 3661 776 3729 vidit,
805 3654 976 3726 “Quaesoss’
994 3649 1132 3744 inquit..

132 3736 151 3767 ιι
162 3735 248 3813 Appi,
264 3737 388 3814 primum
410 3739 528 3818 ignosce
551 3741 644 3818 patrio
665 3741 767 3812 dolori,
782 3738 806 3796 si
820 3737 889 3810 quid
903 3729 1106 3817 inclementius

133 3813 193 3872 “In
207 3827 235 3877 te
259 3837 324 3879 sum
348 3819 497 3880 invectus:
519 3821 626 3880 deinde
648 3819 727 3878 sinas
748 3819 796 3874 hle
817 3827 916 3870 coram
929 3823 1040 3882 vrrgrne
1053 3825 1107 3868 nu.
