2520 4310
490 308 701 373 srssn‘xxrr.
718 333 781 404 cp.
798 335 825 371 1..
1091 319 1151 381 195

116 453 118 456 ¹
177 453 258 541 alter,
271 485 324 538 seq
337 466 419 536 forte,
437 485 496 542 seu
516 467 647 535 oonsilio,
661 466 734 524 nulli
748 464 920 542 mgiemium
936 463 1084 602 [infestusp
1099 481 1150 555 sg-

178 548 260 620 mini,
285 567 353 604 oum
375 545 557 624 septuaginta
572 545 640 605 ‘sere
662 545 806 623 equitibus
833 545 991 602 Venusiam
1017 565 1066 622 per
1079 552 1150 620 ugit.

177 625 383 703 Quadraginta
404 626 494 684 mlllia
516 627 656 704 peditum,
670 626 729 683 duo
742 623 831 681 millia
844 624 1019 702 septingenti
1032 626 1151 700 equites,

179 714 209 763 et
222 716 302 764 tanta
314 708 401 782 propd
423 706 529 764 eivium
552 706 751 780 sociorumque
772 723 848 780 pars,
863 705 933 762 eaesi
946 704 1101 774 dieuntur3
1122 701 1153 760 in
1238 699 1239 712 ¹

156 785 226 842 atris
239 786 323 844 ambo
336 786 487 843 consulum
501 781 671 861 quaestores,
681 775 714 841 L.
731 783 838 841 Atilius
858 795 888 841 et
901 784 935 840 L.
949 784 1057 841 Furius
1070 781 1155 840 Biba-
1225 843 1228 848 ,

180 864 280 922 culus:
302 884 376 922 unus
389 875 419 922 et
442 865 543 940 viginti
564 864 672 922 tribuni
697 863 838 932 militum3
859 864 1026 922 consulares
1038 863 1156 937 quidam

179 945 359 1019 prateriique
368 955 396 1001 et
408 944 524 1002 aedilicii
536 965 543 1000 ε
565 945 639 1001 inter
652 962 702 1000 eos
716 942 772 1000 Cn.
788 942 941 1000 Servilium
955 943 1113 1000 Geminum
1127 947 1157 996 et

135 1081 139 1096 Γ
173 1021 222 1078 M.
231 1022 395 1079 Minucium
405 1023 623 1097 numerant‚qui
633 1017 1156 1097 magisterequitumprioreann0,ali·

178 1111 247 1175 quot
260 1102 327 1158 antd
338 1101 438 1158 oonsul
451 1101 559 1160 suerat:
573 1101 867 1176 octogintapraeterea
878 1113 926 1159 aut
941 1111 1097 1172 senatores,
1107 1106 1157 1157 aut

145 1205 169 1246 st
178 1179 226 1255 qui
240 1181 480 1256 eos'magistratus
490 1180 740 1258 gessissent,uude
751 1180 781 1238 in
793 1191 924 1238 senatum
938 1180 996 1255 legi
1005 1179 1155 1249 deberent,

120 1296 125 1304 -
179 1278 266 1333 quum
282 1263 333 1316 sual
348 1260 494 1333 voluntate
505 1261 609 1319 milites
623 1262 653 1318 in
668 1260 829 1337 legionibus
843 1260 912 1318 laeti
933 1268 1038 1316 essent.
1080 1257 1157 1333 Cap-

180 1348 212 1395 ta
231 1357 266 1396 eo
281 1338 382 1414 proelio
393 1338 448 1396 tria
457 1339 548 1396 millia
560 1341 688 1416 peditum
704 1351 733 1398 et
746 1341 858 1415 equites
871 1337 995 1397 tresenti
1009 1337 1189 1499 dieuntuq(

115 1463 151 1579 Χ
223 1496 258 1558 L.
281 1497 356 1554 Haee
378 1507 423 1556 est
445 1516 544 1575 pugna¹
567 1500 740 1573 Cannensis,
763 1497 887 1557 Alliensi
908 1500 985 1559 eladi
1007 1499 1156 1558 nobilitate

164 1593 235 1651 ¹par
247 1597 255 1646 ;
278 1576 423 1645 eaete'rdm,
449 1589 481 1636 ut
505 1577 647 1654 illis,.quae
671 1589 735 1654 post
757 1597 885 1654 pugnarn
901 1580 1045 1650 accidere,
1058 1577 1156 1650 levior,

147 1676 174 1717 1⁵
183 1656 252 1730 quia
265 1656 302 1712 ab
316 1657 397 1714 hoste
411 1667 554 1715 cessatum
576 1669 639 1727 θεῖς
661 1658 704 1714 sie
717 1667 811 1733 strage
832 1657 975 1715 exereitus
988 1656 1098 1732 gravior
1109 1655 1160 1712 ἰω-

183 1735 320 1809 diorque:
342 1735 411 1811 luga
429 1756 553 1812 namque
576 1738 612 1793 ad
627 1737 744 1803 Alliam,
760 1737 835 1794 sieut
848 1736 956 1794 Urbem
970 1735 1105 1811 prodidit,
1119 1733 1160 1791 ita

182 1815 344 1872 exereitum
359 1817 497 1886 servavit3
519 1817 555 1873 ad
570 1817 688 1874 Cannas
702 1815 861 1892 fugientem
875 1815 1025 1873 eonsulem
1038 1813 1085 1870 vix
1098 1831 1161 1890 sep-

182 1894 317 1970 tuaginta
330 1895 422 1952 secuti
447 1907 534 1952 sunt:
557 1896 673 1953 alterius
698 1895 846 1953 morientis
859 1893 946 1971 prope
961 1904 1037 1952 totus
1050 1891 1165 1968 exerti,

183 1982 231 2029 tus
245 1973 307 2030 suit.
345 1973 432 2031 Binis
453 1974 484 2031 in
506 1976 607 2032 eastris
628 1995 716 2050 quum
738 1974 892 2032 multitudo
915 1973 1075 2032 semiermis
1096 1972 1182 2044 sine,
1237 2023 1240 2028 .

146 2051 310 2109 seducibus
333 2064 418 2126 esset,
441 2054 584 2127 nuntium,
608 2055 656 2130 qui
678 2055 708 2112 in
730 2054 885 2131 majoribus
906 2063 998 2126 erant,
1023 2053 1159 2122 mittuut;

184 2136 202 2180 t‘
213 2131 283 2190 dum
298 2133 408 2207 proelio,
419 2134 525 2191 deinde
540 2152 576 2190 ex
588 2134 689 2192 laetitia
701 2135 793 2211 epulis
807 2127 940 2211 fatigatos
953 2133 1034 2208 quies
1046 2141 1161 2189 noetur-

184 2219 204 2247 “
215 2229 255 2268 rra
276 2213 373 2269 hostes
388 2223 539 2287 premeret,
555 2223 587 2270 ut
606 2215 642 2270 ad
657 2215 687 2271 se
709 2214 880 2272 transirent:
901 2231 960 2270 uno
975 2211 1091 2288 agmine
1105 2209 1161 2268 Oa·

183 2291 331 2346 “nusium
354 2292 481 2350 abituros
503 2294 596 2349 esse.'’
639 2293 712 2350 Eam
736 2293 909 2350 seutentiam
931 2291 979 2348 alii
1001 2301 1090 2348 totam
1112 2288 1161 2346 ad·

148 2392 152 2398 ’
184 2368 334 2442 spernari:
357 2375 374 2399 “
386 2369 447 2425 Cur
471 2371 549 2427 enirn
574 2365 646 2438 illos,
668 2373 717 2445 qui
731 2391 762 2428 se
776 2382 933 2443 arcessant,
952 2371 1029 2444 ipsos
1042 2387 1100 2427 non
1115 2385 1162 2425 re·

149 2461 177 2502 aa
187 2454 206 2482 ‘⁴
219 2445 293 2518 nire,
307 2465 395 2520 quum
417 2447 498 2522 aeque
523 2449 661 2524 eonjungi
685 2453 823 2522 possenti
846 2450 913 2523 quia
928 2448 1063 2504 videlieet
1076 2447 1163 2521 plena

187 2529 205 2557 “
218 2525 343 2582 hostium
365 2527 463 2582 omnia
482 2526 511 2582 in
535 2527 631 2583 medio
652 2523 765 2596 essent;
786 2537 816 2582 et
837 2528 968 2598 aliorum,
986 2524 1076 2598 quam
1099 2543 1161 2593 sua,

187 2609 206 2636 “
217 2623 338 2678 corpora
358 2612 438 2662 tanto
461 2604 591 2680 periculo
613 2605 731 2661 mallent
744 2605 900 2680 objicere.”
942 2603 1017 2659 Aliis
1031 2621 1090 2659 non
1103 2613 1163 2660 tarn

186 2683 331 2740 sententia
355 2684 516 2760 displicere,
528 2683 623 2759 quim
649 2684 762 2741 animus
776 2684 886 2740 deesse.
927 2680 960 2739 P.
976 2681 1164 2760 Sempronius

186 2761 365 2836 Tuditanus,
380 2764 513 2821 tribunus
533 2763 667 2832 militum,
683 2772 701 2799 ‘⁴
711 2763 785 2839 Capi
800 2781 869 2839 ergo
882 2761 1044 2829 mavultis,''
1059 2761 1161 2836 inquit,

151 2843 255 2899 so“·ab
279 2843 445 2901 avarissimo
468 2854 497 2900 et
518 2843 717 2900 erudelissima
741 2844 832 2915 hoste,
854 2841 1043 2917 aestimarique
1068 2841 1164 2918 eapite

188 2930 208 2976 ‘.‘
220 2931 323 2988 vestra,
346 2933 375 2980 et
388 2923 499 2998 exquiri
522 2923 615 2998 pretia
636 2924 672 2980 ab
686 2922 938 2999 interrogantibus,
957 2922 1109 2980 Romanus
1122 2920 1164 2978 ei·

189 3003 208 3032 “
221 3001 263 3056 vis
277 3001 325 3076 sis,
352 3021 389 3058 au
403 3001 531 3060 Latinus
538 3003 644 3071 socius,
659 3013 691 3060 ut
705 3022 741 3060 ex
755 3006 804 3060 tul
817 3002 991 3060 contumelia
1004 3011 1034 3059 et
1047 2999 1165 3061 miserid

189 3082 209 3111 “
221 3079 302 3136 alteri
327 3081 418 3138 honos
440 3084 605 3157 quaeraturl
646 3082 714 3141 Non
739 3094 790 3141 tu:
812 3082 974 3158 siquidem
988 3081 1030 3138 'L.
1053 3076 1163 3139 AEmilil

180 3161 209 3212 .“
218 3160 355 3234 consulis,
369 3162 417 3235 qui
441 3181 473 3218 se
499 3162 573 3218 bene
595 3163 677 3236 mori,
691 3163 777 3238 quam
799 3163 919 3237 turpiter
932 3162 1037 3228 vivere,
1051 3158 1163 3225 maluit,

154 3245 210 3294 ω’·
222 3247 251 3293 et
264 3248 305 3294 tot
319 3239 536 3298 fortissimorum
561 3242 695 3310 virorum,
717 3243 766 3317 qui
788 3242 867 3299 eirea
880 3259 947 3298 eum
966 3239 1109 3298 oumulati‘
1123 3237 1165 3312 ja·

112 3354 115 3358 -
191 3319 211 3348 “
222 3326 300 3382 cent,
315 3317 393 3374 eires
417 3319 494 3376 estis.
536 3303 595 3376 s'ed
619 3321 696 3393 ante,
719 3321 806 3396 quim
824 3320 959 3397 opprimit
971 3319 1031 3389 lux,
1045 3316 1166 3391 majora-

192 3401 278 3467 “que
293 3395 417 3452 bostium
432 3397 549 3471 agmina
561 3399 714 3474 obsepiunt
728 3400 791 3466 iter,
805 3418 856 3475 per
871 3400 932 3471 hos,
946 3397 994 3472 qui
1009 3390 1165 3452 inordinati

193 3480 310 3546 “atque
332 3473 513 3548 incompositi
538 3476 706 3551 obstrepunt
728 3478 826 3553 portis,
841 3491 1034 3550 erumpamus.
1075 3467 1166 3527 Ferro

193 3558 310 3626 “atque
324 3552 448 3609 audaoid
462 3553 507 3610 via
520 3553 561 3626 lit,
572 3555 701 3630 quamvis
713 3575 764 3631 per
778 3555 922 3614 confertos
936 3553 1050 3607 hostes:
1071 3563 1167 3604 euueo

157 3647 185 3689 4ο
194 3629 337 3705 “quidem
353 3631 408 3689 lroo
421 3631 517 3690 laxum
530 3645 614 3709 atque
628 3635 751 3701 solutum
766 3652 880 3709 agmen,
894 3640 926 3687 ut
939 3628 963 3684 si
978 3624 1048 3682 nibil
1062 3624 1166 3692 obstet,

193 3717 213 3748 ‘⁴
224 3711 419 3770 transibimus.
469 3712 571 3788 Itaque
595 3713 635 3772 ite
658 3732 791 3784 meeum,
806 3710 855 3785 qui
879 3719 909 3766 et
930 3703 1117 3778 vosmetiP³⁰⁸
1138 3711 1169 3760 0⁸

194 3796 213 3828 ‘⁴
222 3793 431 3871 rempublieam
452 3793 559 3852 salvam
574 3792 690 3851 vultis.''
731 3790 805 3848 Haee
819 3787 869 3845 ubi
882 3785 961 3845 dieta
979 3781 1071 3854 dedit,
1086 3780 1169 3841 strin-
