2556 4314
115 287 270 384 m,
400 293 403 300 ’
490 263 760 370 'riuturni'
905 284 910 290 ’
1004 351 1014 367 ..
1255 349 1258 494 p

115 467 257 543 utrimque
272 467 352 532 cede
367 464 480 537 initum,
495 473 525 522 et
537 483 603 540 pars
617 462 692 520 arcis
705 469 790 536 capta
802 472 854 520 est.
896 461 1024 522 Tentata
1042 466 1092 526 de·
1257 527 1258 538 ,

114 547 182 606 inde
195 565 246 624 per
261 547 333 604 duos
352 557 395 604 est
408 546 514 622 exigua
536 544 617 620 pacis
636 562 711 618 spen,
726 542 870 600 Alconem
885 543 1090 620 Saguntinum,
1161 605 1169 626 Ι
1250 587 1252 594 .

19 647 20 656 ’
114 636 143 694 et
156 623 296 684 Alorcum
312 626 484 702 Hispanum.
526 624 631 693 Alcon,
647 622 747 680 insciis
761 623 942 698 Saguntinis,
956 625 1092 698 precibus

19 711 21 736 '
114 705 221 782 aliquid
235 718 378 768 moturum
403 715 491 772 ratus,
506 723 593 780 quum
609 704 645 760 ad
660 701 857 760 Hannibalem
872 713 962 760 noctu
975 705 1093 762 transis·

114 793 167 859 set,
181 797 331 862 postquam
353 785 424 843 nihil
449 786 584 860 lacrymae
598 782 760 853 movebant,
776 781 1015 857 conditionesque
1029 785 1125 845 tris-s
1179 807 1181 810 ·
1230 812 1232 816 ·

19 889 20 920 ;
113 875 167 940 tes,
181 876 214 926 ut
227 866 264 925 ab
277 866 349 923 irato
373 865 490 932 victore,
505 864 680 931 ferebantur,
695 861 844 936 transfuga
857 880 894 918 ex
907 874 1019 920 oratore
1034 862 1093 922 fac·

113 954 169 1017 tus,
194 947 270 1021 apud
294 947 403 1004 hostem
429 943 553 1012 mansit3
585 943 754 1000 moriturum
775 940 932 1015 affirmans,
959 942 1010 1017 qui
1026 943 1091 1001 -sub

19 1053 20 1064 κ
113 1023 328 1083 conditionibus
343 1025 387 1081 his
401 1023 437 1080 de
451 1041 523 1098 pace
538 1033 645 1098 ageret.
687 1020 890 1080 Postulabatur
904 1033 1011 1090 autem,
1026 1023 1090 1081 red·

113 1103 216 1162 darent
229 1121 274 1160 res
288 1103 483 1172 Turdetanis3
505 1103 666 1177 traditoque
680 1101 760 1159 omni
774 1119 845 1159 auro
859 1111 944 1177 atque
958 1113 1087 1178 argente,

19 1195 21 1212 ¹
112 1182 219 1258 egressi
241 1182 312 1240 urbe
336 1201 405 1240 cnm
426 1182 547 1258 singulis
571 1179 749 1239 vestimentis
773 1180 814 1237 ibi
839 1181 1009 1254 habitarent,
1036 1181 1087 1240 ubi
1099 1201 1124 1242 10
1215 1227 1217 1232 ,

111 1261 218 1320 Poenus
236 1261 377 1337 jussisset.
419 1261 482 1318 Has
502 1261 583 1336 pacis
603 1262 683 1337 leges
697 1260 843 1318 abnuente
858 1261 971 1318 Alcone
985 1279 1090 1338 accep·

110 1350 189 1401 turos
204 1338 390 1416 Saguntinos,
406 1341 540 1408 Alorcus‚
555 1340 633 1398 vinci
652 1341 774 1407 animos,
790 1340 840 1398 ubi
855 1340 912 1398 ulia
925 1340 1088 1410 vincantur,

111 1419 266 1494 affirmans,
292 1439 322 1476 se
346 1420 436 1495 pacis
450 1414 513 1496 ejus
534 1420 720 1496 interpretem
742 1420 803 1477 fore
816 1420 977 1495 pollicetur.
1019 1419 1091 1479 Erat

110 1509 206 1558 sutem
231 1509 292 1558 tum
317 1499 401 1557 miles
423 1499 607 1571 Hannibalis,
630 1501 765 1557 caeterdm
786 1499 904 1574 publice
918 1499 1090 1576 Saguntinis

110 1577 221 1636 amicus
240 1590 325 1654 atque
344 1581 457 1655 hospes.
499 1578 621 1636 Tradite
643 1578 740 1654 palam
764 1578 821 1636 telo
841 1579 1010 1636 custodibus
1024 1579 1123 1640 hos-15

45 1731 48 1737 Ι
108 1658 191 1732 tium,
207 1668 401 1735 transgressus
414 1657 605 1730 munimenta,
620 1659 656 1715 ad
670 1668 821 1734 pretorem
836 1659 1034 1734 Saguntinum
1046 1657 1090 1736 (et

108 1736 169 1814 ipse
183 1737 225 1795 ita
235 1737 368 1817 jubebat)
390 1750 434 1796 est
447 1738 606 1794 deductust
627 1735 684 1812 qno
705 1756 794 1813 quum
808 1738 953 1814 externplo
966 1755 1089 1796 concur-

108 1833 157 1874 sus
170 1819 266 1876 omnis
286 1819 402 1896 generis
424 1816 574 1897 hominum
598 1827 673 1874 esset
698 1817 802 1890 faetus,
826 1815 1087 1875 submotdeaeterti

107 1896 302 1966 multitudine,
330 1907 447 1962 senatus
471 1895 579 1956 Alorco
604 1897 688 1955 datus
712 1908 773 1955 estt
803 1896 887 1974 cujus
907 1896 971 1954 talis
994 1896 1086 1956 oratio

37 1987 43 1994 '
108 1974 177 2034 tuit:
1097 1995 1123 2036 sc

146 2131 236 2191 XIII.
259 2133 321 2190 “Si
343 2133 414 2190 civis
437 2144 531 2191 vester
544 2134 652 2206 Alcon,
667 2133 741 2190 sicut
756 2133 792 2190 ad
813 2151 916 2208 pacem
929 2133 1087 2207 petendam

107 2218 127 2246 “
139 2215 175 2272 ad
190 2213 388 2272 Hannibalem
412 2213 498 2285 venit,
514 2213 554 2271 ita
567 2213 647 2288 pacis
668 2213 850 2270 conditiones
864 2212 901 2269 ab
916 2212 1086 2270 Hannibale

107 2294 175 2350 “ad
197 2312 247 2350 vos
271 2293 424 2359 retulisset,
450 2311 698 2368 supervacaneum
724 2293 780 2350 hoc
805 2291 876 2349 mihi
900 2291 1002 2349 suisset
1018 2291 1085 2360 iter,

108 2383 193 2447 “quo
206 2391 262 2430 nec
286 2383 379 2431 orator
403 2370 588 2445 Hannibalis,
607 2365 667 2429 nec
682 2372 841 2448 transfuga,
863 2371 900 2428 ad
921 2389 972 2428 vos
993 2370 1087 2429 venis·
1162 2398 1168 2412 ·

108 2457 126 2485 ‘¹
138 2471 207 2510 sem.
249 2451 351 2514 Quum
367 2452 423 2520 ille,
438 2462 488 2509 aut
508 2452 601 2510 vestris
616 2463 665 2509 aut
679 2451 732 2508 sud
746 2451 843 2527 eulpa,
858 2450 997 2508 manserit
1010 2452 1086 2527 apud
1096 2471 1135 2512 25·

108 2542 127 2570 ‘⁶
139 2533 261 2600 hostem,
288 2530 326 2609 (si
340 2543 448 2589 metum
473 2532 625 2604 simulavit,
650 2531 724 2600 suia3
746 2531 850 2599 vestra,
876 2531 900 2588 si
924 2530 1087 2606 periculum

108 2618 126 2645 “
136 2623 181 2670 est
194 2613 269 2688 apud
285 2631 334 2670 vos
344 2611 622 2690 verareferentibus)
635 2631 700 2688 ego,
712 2629 749 2668 ne
763 2610 945 2686 ignoraretis,
960 2629 1024 2668 esse
1038 2610 1087 2668 ali·

108 2695 126 2724 ‘¹
137 2711 209 2766 quas
230 2703 259 2750 et
270 2691 369 2749 salutis
382 2703 412 2750 et
424 2692 504 2768 pacis
525 2691 605 2749 vobis
619 2691 811 2759 conditiones,
825 2710 877 2767 pro
898 2699 1011 2748 vetusto
1024 2691 1087 2748 hos·

108 2781 127 2807 ‘⁴
138 2771 209 2845 pitio
230 2772 306 2845 quod
321 2772 391 2828 mihi
405 2771 553 2829 vobiscum
567 2782 620 2838 est,
635 2773 672 2829 ad
687 2791 736 2829 vos
750 2770 825 2828 veni.
868 2769 975 2840 Vestra
989 2779 1086 2827 autem

108 2854 127 2882 ‘¹
137 2850 224 2905 causa
249 2867 305 2914 me,
321 2867 377 2906 nec
399 2850 484 2908 ullius
498 2851 624 2922 alterius,
639 2850 727 2926 loqui,
742 2869 805 2925 quae
819 2849 920 2924 loquor
935 2849 1010 2924 apud
1025 2867 1086 2922 vos,
1096 2868 1121 2910 ³0

109 2927 181 2984 “vel
196 2945 231 2982 ea
251 2926 323 2982 fides
336 2927 382 2996 sit,
396 2929 484 3004 quiid,
498 2950 593 3006 neque
607 2932 677 2988 dum
696 2930 796 2988 vestris
811 2929 918 2986 viribus
932 2927 1085 3001 restitistis,

109 3007 316 3081 “nequedum
341 3007 447 3065 auxilia
471 3011 508 3066 ab
532 3011 675 3069 Romanis
699 3008 846 3086 sperastis,
860 3008 943 3084 pacis
957 3021 1085 3083 unquam

109 3087 216 3162 “apud
239 3105 287 3144 vos
311 3087 487 3145 mentionem
511 3089 587 3148 leci(
619 3090 773 3165 Postquam
800 3107 857 3146 nec
881 3088 917 3144 ab
941 3086 1087 3146 Romanis

110 3170 128 3199 “
140 3165 220 3223 vobis
233 3166 291 3223 ulla
305 3184 369 3242 spes
382 3177 435 3239 est,
448 3187 504 3226 nec
518 3181 612 3227 vestra
622 3171 682 3246 jam
694 3181 744 3226 aut
758 3187 838 3226 arma
850 3186 899 3225 vos
913 3176 963 3223 aut
977 3165 1087 3224 moenia

23 3287 27 3294 ,
110 3245 208 3303 “satis
229 3245 397 3317 defendunt,
421 3267 525 3323 pacem
549 3249 637 3306 affero
651 3249 687 3306 ad
710 3267 759 3306 vos
772 3247 865 3324 magis
878 3245 1121 3314 necessariam‚a5

110 3332 127 3359 “
139 3324 224 3401 quam
240 3343 368 3400 aequam:
390 3327 473 3404 cujus
495 3327 535 3385 ita
549 3326 643 3401 aliqua
665 3333 731 3402 spes
755 3337 808 3400 est,
830 3327 854 3383 si
868 3343 934 3382 eam
948 3325 1087 3399 quemad-

110 3409 130 3439 “
141 3406 269 3473 modum,
291 3415 323 3462 ut
336 3407 435 3474 victor,
451 3408 506 3464 sert
520 3406 676 3477 Hannibal,
699 3407 741 3464 sic
755 3426 804 3464 vos
819 3419 851 3463 ut
864 3405 932 3462 victi
947 3403 1085 3464 audiatis:

111 3497 130 3527 ‘⁴
143 3487 167 3546 ai
180 3505 239 3545 non
254 3485 293 3555 id,
307 3486 384 3560 quod
405 3486 551 3553 amittitur,
565 3485 595 3543 in
610 3487 717 3544 damno
732 3485 834 3563 (quum
848 3484 947 3558 omnia
971 3482 1087 3542 victoris

59 3565 68 3572 ”
112 3573 129 3601 “
142 3567 223 3645 sint),
239 3564 300 3636 sed,
314 3565 450 3640 quidquid
459 3565 638 3640 relinquitur,
658 3585 711 3642 pro
729 3583 853 3624 munere
868 3563 995 3621 habituri
1009 3561 1086 3622 estis

112 3645 249 3704 “Urbem
263 3643 352 3712 vobis,
367 3664 453 3720 quam
473 3665 509 3703 ex
522 3647 627 3722 magna
645 3645 705 3721 jam
725 3656 805 3722 parte
820 3645 956 3711 dirutam,
972 3651 1086 3718 captam
1096 3667 1124 3707 to

113 3724 200 3781 “fere
215 3733 303 3780 totam
327 3724 424 3792 habet,
447 3726 562 3794 adimit;
584 3744 667 3801 agros
680 3725 825 3800 relinquit,
847 3725 944 3783 locum
960 3722 1087 3796 assigna·

112 3807 231 3874 “turus,
256 3802 365 3878 inquo
387 3821 494 3878 novum
517 3804 655 3883 oppidum
679 3804 845 3864 aedificetis:
867 3823 971 3863 aurum
984 3817 1088 3880 argen-
