2556 4314
147 298 205 358 144
390 298 461 348 ΤΙΤῙ
478 297 565 349 LlVll
581 298 690 348 LIBER
705 297 752 347 vl.
776 311 839 346 cnr.
857 307 902 349 ιι.

145 442 252 519 populo
267 443 405 501 Romano
418 441 449 500 in
473 461 526 500 suo
539 441 708 499 discrimine
722 439 841 498 darent:
862 449 892 496 et
912 438 1009 497 orasse
1027 438 1128 518 singu·

144 521 187 582 los
201 521 417 597 universosque,
432 532 463 579 ut
477 521 652 597 Capitolium
667 531 751 595 atque
766 538 863 576 arcem
871 518 1027 586 intuentes,
1041 532 1074 578 ut
1088 521 1126 579 ad

144 601 224 660 Deos
238 602 413 660 immortales
426 601 509 673 versi,
531 601 614 670 dep·
632 600 806 677 judicarent.
833 599 870 656 In
892 598 1005 674 Campo
1019 599 1127 658 Martio

144 698 233 757 quum
252 681 437 739 centuriatim
450 680 573 756 populus
593 680 740 747 citaretur,
755 688 785 736 et
798 697 874 746 reus,
889 678 926 735 'ad
949 677 1125 754 Capitolium

144 779 249 818 manus
259 761 394 829 tendens,
407 761 444 817 ab
458 759 623 817 hominibus
635 759 671 816 ad
685 758 765 816 Deos
775 775 877 834 preces
888 757 1056 828 avertisset3
1079 777 1126 834 ap-
1146 770 1160 809 ε

144 840 239 916 paruit
253 840 385 908 tribunis,
399 839 456 897 nisi
475 839 575 897 oculos
597 858 709 914 quoque
721 837 871 895 hominum
892 837 1065 896 liberdssent
1089 839 1126 895 ab

144 919 216 976 tanti
230 919 368 978 memorii
379 918 502 986 decoris,
515 936 663 992 nunquam
674 917 734 975 sore
749 917 779 974 in
793 916 1004 992 praeoccupatis
1018 917 1126 975 benefi-

143 997 191 1056 cio
205 998 309 1056 animis
324 1017 390 1056 vero
405 996 519 1056 crimini
532 998 639 1055 locum.
681 996 727 1054 Ita
746 996 880 1072 prodicta
893 996 951 1069 die,
966 995 996 1054 in
1011 995 1126 1054 Poeteli·

89 1151 90 1154 Ἴ
143 1096 214 1135 num
240 1077 339 1134 lucum
360 1087 442 1136 extra
464 1087 574 1153 portam
596 1076 824 1144 Nomentanam,
849 1076 927 1133 unde
950 1085 1126 1152 conspectus

142 1156 174 1213 in
198 1156 374 1232 Capitolium
401 1175 460 1214 non
480 1165 566 1229 esset,
591 1155 749 1214 concilium
775 1155 876 1231 populi
903 1155 1044 1213 indictum
1068 1165 1158 1213 estu

143 1234 189 1292 Ibi
207 1235 329 1294 ‘crimen
370 1235 470 1303 valuit,
504 1245 534 1293 et
565 1235 718 1293 obstinatis
738 1235 844 1292 animis
871 1234 951 1292 triste
969 1234 1123 1311 judicium,

142 1313 323 1392 invisumque
337 1315 425 1373 etiam
446 1315 605 1392 judicibus,
629 1313 745 1372 sactum.
787 1315 864 1372 Sunt
887 1314 936 1389 qui
956 1333 1007 1393 per
1021 1316 1124 1371 duum·

142 1394 228 1466 viros·
263 1395 312 1470 qui
340 1395 377 1452 de
405 1394 602 1471 perduellione
636 1394 832 1469 anquirerent,
867 1403 990 1462 creatos,
1026 1403 1124 1452 aucto-

72 1524 77 1532 ,
142 1491 188 1532 res
201 1473 260 1532 sint
281 1475 480 1552 damnatum..
500 1472 627 1531 Tribuni
651 1475 688 1531 de
710 1493 779 1532 saxo
793 1473 921 1550 Tarpejo
935 1473 1122 1550 dejecerunt:

141 1552 280 1629 locusque
293 1553 371 1614 idem
385 1554 416 1611 iu
427 1572 486 1611 uno
499 1553 617 1614 homine
626 1563 655 1610 et
665 1553 778 1610 eximiae
792 1552 891 1630 gloriae
902 1566 1122 1611 monumentum
1132 1566 1157 1606 15

143 1643 173 1691 et
186 1653 279 1710 poenae
300 1633 408 1692 nltimae
424 1633 484 1691 suit.
526 1632 660 1710 Adjectae
681 1643 794 1691 mortuo
808 1643 884 1690 notae
899 1643 984 1690 sunt:
1005 1632 1124 1709 publica

142 1731 202 1770 una
210 1733 217 1784 ;
238 1711 326 1789 qudd,
348 1731 436 1788 quum
461 1713 564 1770 domus
585 1713 648 1788 ejus
661 1711 773 1785 suisset,
787 1713 838 1770 nbi
852 1732 932 1771 nunc
946 1713 1023 1770 aedes
1037 1721 1122 1787 atque

141 1792 260 1850 officina
273 1792 400 1850 Moneta
414 1801 466 1864 est,
481 1792 572 1849 latum
585 1793 621 1849 ad
635 1792 840 1869 populum-est,
856 1811 892 1850 ne
906 1792 969 1868 quis
981 1791 1122 1867 patricius
1146 1797 1151 1808 '

141 1871 173 1928 in
187 1890 254 1929 arce
269 1883 318 1932 aut
332 1871 474 1947 Capitolio
488 1871 648 1929 habitaret:
670 1872 820 1948 gentilicia
831 1872 937 1940 altera;
958 1869 1035 1946 qudd
1048 1889 1122 1946 gen-

141 1949 178 2007 tis
189 1949 308 2009 Manliae
322 1951 440 2008 decreto
453 1960 571 2008 cautum
585 1961 638 2018 est,
652 1951 767 2026 nequis
782 1951 887 2008 deiude
902 1949 1020 2008 Marcus
1034 1949 1121 2008 Man·
1130 1967 1157 2007 aa

141 2027 197 2086 lius
211 2040 368 2087 vocaretur.
411 2027 501 2086 Hunc
515 2030 624 2087 exitum
639 2031 740 2088 habuit
754 2030 805 2098 vir,
827 2029 884 2087 nisi
898 2030 929 2087 in
946 2029 1036 2087 liberal
1051 2029 1120 2095 civi-

141 2117 199 2164 tate
223 2117 308 2165 natus
331 2117 416 2179 esset,
438 2109 640 2166 memorabilis.
692 2109 834 2185 Populum
858 2109 955 2180 brevi.
968 2119 1120 2184 postquam

140 2186 302 2262 periculum
316 2187 353 2243 ab
366 2206 401 2244 eo
415 2187 526 2245 nullum
536 2198 608 2256 erat,
619 2207 670 2264 per
685 2208 715 2246 se
730 2189 805 2264 ipsas
818 2188 1016 2248 recordantem
1031 2189 1120 2246 virtu·

140 2275 193 2338 tes,
207 2265 383 2323 desiderium
391 2267 460 2342 ejus
483 2267 584 2326 tenuit.
625 2267 794 2326 Pestilentia
816 2267 903 2325 etiam
917 2265 995 2324 brevi
1015 2285 1120 2324 conse·

140 2355 218 2412 outa,
234 2345 321 2402 nullis
344 2346 565 2404 occurrentibus
589 2357 676 2404 tantae
690 2347 782 2405 cladis
795 2347 902 2419 causis,
916 2364 952 2403 ex
966 2345 1119 2404 Manliano
1128 2361 1155 2402 aa

140 2424 282 2500 supplicio
303 2443 415 2501 magne
438 2426 512 2501 parti
536 2425 626 2484 rideri
649 2437 729 2484 orta:
753 2426 919 2484 “violatum
942 2425 1118 2500 Capitolium

141 2513 161 2542 ‘⁶
172 2505 386 2582 essesanguine
400 2505 567 2565 servatoris:
582 2524 638 2563 nec
653 2505 718 2564 Diis
732 2506 813 2564 cordi
823 2505 911 2564 luisse
925 2523 1041 2581 poenam
1054 2505 1125 2582 ejus·

141 2584 297 2645 “oblatam
310 2584 396 2661 prope
417 2584 510 2642 oculis
530 2585 598 2658 suis,
614 2604 631 2643 a
654 2605 710 2663 quo
723 2605 777 2644 sua
789 2585 898 2664 templa
917 2594 1045 2662 ereptae
1059 2603 1118 2644 rna·

140 2671 160 2702 ‘⁶
169 2663 255 2722 nibus
269 2664 394 2724 bostium
407 2665 534 2724 essent.”
547 2707 552 2716 ·
