2556 4314
434 394 541 444 LIBER
556 395 604 442 Ill.
622 407 685 444 car.
702 407 804 442 xxxin.
826 363 838 382 ἱ
1064 394 1102 454 Sl

104 537 294 596 XXXII.
341 578 467 594 .....
489 537 556 594 lam
569 537 715 595 redierant
733 536 821 612 legati
834 555 902 594 curn
915 536 1021 594 Atticis
1033 535 1105 614 legi-

103 607 121 683 Ξ
136 619 203 676 bus:
226 617 262 676 ed
277 615 415 675 intentius
429 616 576 674 instabant
585 615 703 688 tribuni,
714 626 746 673 ut
759 615 876 673 tandem
890 616 1104 674 scribendarum

108 691 254 791 {legum
247 695 362 760 mitium
373 696 463 754 fieret.
505 695 605 754 Placet
626 694 719 752 creari
741 695 956 752 decemviros
934 713 997 752 sine
1009 713 1106 771 provo·

108 763 261 845 catione,
276 786 305 834 et
327 795 364 833 ne
377 775 440 850 quis
453 793 488 832 eo
509 793 586 832 anno
609 774 682 830 alius
705 775 889 850 magistratus
912 769 996 830 esset.
1048 773 1107 831 Ad·

102 843 365 932 ξιιιιιοιιιθιιιιιιιιιι
378 853 492 930 plebeji,
473 852 700 910 roontroversia
721 853 895 927 aliquamdiu
908 853 982 910 suit.
1002 863 1108 928 postre-

108 934 183 992 tmd
197 953 370 992 conoessum
390 931 533 1004 Patribus,
547 929 634 988 modo
656 950 694 988 ne
715 931 763 989 lex
784 930 869 990 Icilia
889 931 928 992 dc
950 931 1107 1004 Aventina,

108 1005 121 1048 5
103 1013 256 1089 aliaeque
269 1021 388 1071 sacrate
401 1011 491 1089 leges,
505 978 719 1089 abrogarentur.

172 1171 324 1230 XXXIII.
346 1172 434 1246 Anno
447 1171 652 1230 trecentesimo
666 1171 765 1245 altero,
779 1169 866 1246 quim
879 1147 997 1230 condita
1010 1170 1108 1228 Roma

136 1262 204 1320 erat,
229 1253 334 1310 iterum
357 1262 484 1310 mutatur
505 1251 596 1310 forma
620 1252 753 1325 civitatis,
776 1251 993 1310 ab'consulibus
1006 1250 1042 1308 ad
1057 1250 1107 1308 de·

104 1352 126 1392 ro
136 1331 285 1400 oemviros,
298 1332 541 1406 quemadmodum
555 1331 591 1388 ab
604 1332 722 1423 regibus
742 1331 808 1389 ante
823 1331 859 1388 ad
874 1331 1008 1389 consules
1022 1347 1107 1387 verre-

135 1420 187 1484 rat,
200 1409 359 1469 translato
352 1411 480 1487 imperio
521 1409 653 1469 Minus
645 1410 777 1488 insignis,
801 1410 868 1500 quia
886 1429 944 1470 non
959 1409 1107 1482 diuturna,

134 1457 255 1548 mulatio
277 1491 350 1548 fuit.
379 1490 445 1548 laeta
468 1489 547 1547 enim
569 1489 712 1566 principia
732 1490 913 1566 magistratus
936 1489 999 1566 ejus
1019 1487 1107 1546 nimis

133 1566 335 1627 luxuriarere:
357 1568 393 1626 ed
407 1567 494 1626 oitiris
507 1568 587 1644 lapsa
609 1586 656 1624 res
670 1578 732 1638 est3
753 1569 972 1644 repetitumque,
994 1567 1107 1625 duobus

133 1645 177 1704 uti
192 1649 378 1704 mandaretur
393 1647 544 1704 consulum
564 1665 671 1704 nomen
685 1647 901 1723 imperiumque.
942 1643 1108 1703 Decemviri

103 1752 125 1792 ιι
133 1726 226 1784 creati
242 1726 300 1802 Ap.
315 1725 466 1793 Claudius,
480 1725 519 1782 T.
543 1725 704 1794 Genucius,
729 1725 760 1782 P.
776 1726 897 1797 Sestius,
911 1723 945 1781 L
960 1724 1109 1795 Veturius,
1213 1735 1215 1746 '

134 1804 168 1862 C.
183 1804 293 1876 Julius,
307 1805 345 1862 A.
361 1803 500 1878 Manlius,
515 1805 577 1864 Ser.
602 1804 766 1881 Sulpicius,
778 1805 809 1861 P.
824 1771 981 1893 Curiatius,
996 1801 1034 1858 T.
1048 1801 1110 1859 Ro·

103 1882 241 1962 gnidius,
258 1884 307 1972 Sp.
322 1851 500 1941 Postumius.
540 1883 664 1942 Claudio
687 1894 716 1942 et
728 1883 871 1952 Genucio,
885 1882 953 1957 quia
966 1879 1109 1956 designati

103 1937 120 2013 I
136 1962 291 2021 consules
284 1981 314 2019 m
327 1979 395 2020 eum
409 1980 518 2020 annum
532 1961 646 2020 fuerant
647 1981 720 2054 ‚pro
733 1961 841 2020 honore
855 1963 946 2019 honos
959 1959 1108 2030 redditus3

108 2029 163 2133 {et
177 2040 284 2107 Sestio,
308 2039 389 2096 alteri
410 2039 562 2096 consulum
582 2039 685 2114 prioris
696 2040 787 2112 anni,
802 2039 876 2113 qudd
890 2053 955 2096 earn
976 2056 1036 2096 rem
1050 2037 1109 2096 col-

104 2105 201 2222 ἐιεςιι
224 2118 316 2176 invito
337 2117 372 2175 ad
396 2116 497 2176 Patres
518 2117 663 2176 retulerat.
705 2117 761 2193 His
774 2117 896 2193 proximi
916 2113 1006 2175 habiti
1019 2116 1109 2194 legati

104 2196 122 2273 g
135 2208 201 2266 tres,
215 2197 267 2294 qui
290 2197 423 2274 Athenas
443 2184 554 2254 ierant:
587 2197 672 2256 simul
696 2187 728 2255 nt
741 2216 794 2288 pro
801 2196 957 2273 legatione
971 2208 1031 2255 tam
1044 2197 1107 2254 lon-

57 2340 59 2346 ,
109 2277 243 2380 gginqua
256 2275 373 2352 praemio
387 2285 462 2334 esset
475 2277 586 2346 honos3
608 2275 693 2335 simul
713 2273 820 2352 peritos
832 2276 930 2352 legum
944 2275 1108 2352 peregrina·

105 2351 196 2414 Erum
210 2357 249 2414 ad
262 2355 422 2414 condenda
439 2375 514 2414 nova
533 2355 600 2432 jura
621 2375 687 2414 usur
679 2355 761 2414 fore
776 2356 943 2414 credebant.
986 2354 1108 2431 Supple-

135 2435 197 2493 vere
211 2435 310 2494 oaeteri
323 2454 485 2494 numerum.
527 2436 637 2495 Graves
643 2453 771 2530 quoque
786 2444 869 2492 aetate
892 2435 1000 2492 electos
1013 2433 1108 2492 novis-

106 2513 211 2573 asimis
236 2515 381 2592 suffragiis
405 2515 509 2586 ferunt,
531 2512 588 2589 qud
611 2513 709 2570 minus
727 2509 861 2572 ferociter
885 2513 1006 2570 aliorum
1027 2511 1108 2601 scitis

135 2594 361 2654 adversarentur.
402 2557 551 2688 Regimen
574 2592 662 2650 totius
675 2592 856 2681 magistratus
875 2609 966 2666 penes
980 2574 1108 2664 Appium

136 2684 192 2731 erat
205 2673 303 2736 favore
316 2671 430 2750 plebis:
445 2669 583 2768 ndedque
606 2689 713 2729 novum
732 2668 808 2727 sibi'
801 2669 952 2744 ingenium
965 2667 1108 2740 induerat,

136 2762 165 2809 ut
177 2752 321 2829 plebicola
334 2750 465 2843 repente,
479 2750 630 2841 omnisque
645 2768 721 2809 aurae
734 2748 880 2826 popularis
893 2756 1031 2823 captator,
1046 2765 1109 2804 eva-

136 2830 224 2919 deret,
248 2851 299 2909 pro
323 2831 398 2890 truci
421 2849 553 2910 saevoque
577 2830 750 2916 insectatore
773 2827 873 2906 plebis.
915 2825 1039 2886 Decimo
1060 2826 1108 2885 die

107 2908 178 2985 ojus
190 2913 297 2988 populo
311 2910 416 2988 sInguli
430 2893 623 2970 reddebant:A
632 2928 667 2968 eo
675 2900 751 2968 die
757 2925 847 2986 penes
856 2907 1045 2984 prefectum
1035 2907 1108 2985 Juris

136 2987 230 3047 fasces
243 2990 396 3050 duodecim
420 3001 519 3050 erant:
540 2989 660 3066 collegis
672 3002 777 3048 novem
785 2987 903 3080 singuli
918 2987 1035 3046 accensi
1060 3007 1107 3064 ap-

134 3068 295 3158 parebant·
316 3079 345 3127 et
358 3068 388 3127 in
402 3070 492 3130 unica
503 3069 661 3128 concordia
684 3069 760 3128 inter
783 3069 860 3146 ipsos
875 3065 936 3145 (qui
950 3086 1108 3128 consensus

136 3146 253 3222 privatis
266 3148 411 3206 interdum
425 3149 535 3207 inutilis
548 3150 638 3229 esset)
661 3168 774 3207 summa
788 3149 925 3206 adversus
938 3148 1009 3212 alios
1022 3147 1119 3223 aequi·

136 3235 179 3284 tas
192 3237 261 3286 erat
302 3228 512 3288 Moderationis
535 3247 635 3287 eorum
659 3238 860 3318 argumentum
875 3227 1009 3304 exemplo
1022 3227 1120 3318 upins

107 3306 178 3364 atrei
200 3308 316 3368 notasse
338 3309 408 3366 satis
421 3308 484 3365 erit.
525 3307 674 3368 Quum'
651 3327 715 3366 sina
738 3306 959 3384 provocatione
963 3307 1116 3365 creaties·

137 3396 209 3454 sent,
224 3386 339 3444 defosso
352 3387 493 3444 cadavere
507 3386 585 3444 domi
606 3387 682 3462 apud
696 3387 728 3444 P
744 3387 871 3444 Sestium
874 3385 1024 3462 ,patriciae
1038 3404 1109 3462 gen·

137 3462 172 3520 tis
198 3465 301 3532 virum,
326 3465 453 3534 invento,
475 3465 670 3555 prolatoque
663 3485 693 3523 ιιι
718 3466 901 3538 concionem,
922 3466 953 3523 in
976 3483 1007 3523 re
1014 3461 1109 3550 juxta

137 3542 389 3618 manifestamque
403 3544 506 3618 atroci
511 3543 546 3602 C.
558 3545 577 3602 J
579 3545 654 3602 ulrus
667 3545 813 3603 decemvir
826 3512 904 3602 dienl
916 3544 1010 3601 Sestio
1024 3539 1108 3604 dixit,

137 3630 165 3677 et
179 3631 329 3681 accusator
343 3623 380 3680 ad
393 3590 529 3698 populuin
542 3624 660 3694 exstitit,
683 3625 767 3701 cujus
788 3624 830 3682 rei
849 3622 940 3711 judex
963 3617 1109 3710 legitimus

108 3703 216 3758 uerat.
238 3701 450 3776 decessitque
439 3721 503 3778 Jura
524 3722 587 3774 suo,
602 3714 635 3764 ut
655 3704 805 3782 demptum
829 3702 865 3759 de
887 3719 915 3756 vr
907 3692 1111 3771 magistratus

138 3781 231 3856 populi
245 3781 371 3845 libertati
384 3781 529 3866 adjiceret
