2556 4314
428 389 435 404 ,
461 375 463 380 ,
559 337 665 388 LIBER
681 337 703 387 l.
719 351 783 389 car.
800 351 857 385 xm.
1160 335 1200 396 39

222 481 319 540 vidam
333 481 395 539 viro
408 481 507 542 occiso
520 499 650 554 uxorem,
663 499 751 556 quum
764 481 839 538 inter
853 479 976 556 reliquas
988 480 1117 558 captivas
1130 497 1199 556 cog·

222 561 386 634 nitaesset,
399 562 438 620 ob
452 561 570 619 unicam
594 559 773 618 nobilitatem
796 561 833 617 ab
856 560 957 636 regine
979 560 1114 618 Romane
1135 577 1199 635 pro-

222 640 346 698 hibitam
360 641 457 698 ferunt
480 639 596 698 servitio
617 649 731 715 partum
752 639 856 698 Rome
869 639 1005 712 edidisse,
1018 639 1111 698 Prisci
1124 639 1199 696 Tar·

223 719 317 795 quinii
330 720 423 778 domo.
465 717 540 776 Inde
554 729 634 776 tento
659 718 801 778 beneficio
815 728 844 776 et
857 718 932 778 inter
946 719 1082 776 mulieres
1095 717 1198 778 famili·

200 799 356 857 ueritatem
370 809 495 865 auctam,
511 808 540 855 et
563 815 696 873 puerum,
711 808 742 855 ut
765 798 796 854 in
820 799 937 856 domos
951 816 1038 872 parvo
1052 797 1198 868 eductum,

226 878 257 936 in
287 878 405 936 caritate
430 887 515 952 atque
537 877 645 941 honore
669 875 779 934 fuisse:
810 877 954 934 fortunam
984 876 1095 949 matris,
1122 876 1199 950 qudd

225 959 308 1032 capte
320 957 411 1033 pstrid
429 956 460 1014 in
484 956 610 1016 hostium
631 975 736 1014 manus
762 955 883 1029 venerit,
899 967 930 1014 ut
944 959 1026 1014 servd
1040 965 1125 1014 nutus
1139 973 1200 1012 cre·

223 1035 348 1106 deretur,
364 1036 477 1094 secisse.

261 1193 327 1252 XL.
360 1192 687 1270 Duodequadragesimo
711 1193 801 1256 ferme
823 1212 909 1262 anuo,
936 1213 973 1250 ex
999 1213 1056 1268 quo
1077 1211 1199 1270 regnare

189 1285 212 1323 1⁰
223 1283 351 1348 coeperat
372 1272 562 1348 Tarquinius,
577 1293 635 1330 non
659 1273 736 1348 apud
757 1291 857 1349 regem
870 1273 968 1340 modd,
984 1273 1035 1330 sed
1049 1273 1126 1348 apud
1146 1271 1210 1336 Pe,
1254 1271 1255 1274 ’

222 1363 280 1410 tres
294 1353 476 1429 plebemque,
491 1352 579 1430 louge
594 1353 721 1411 maximo
735 1353 843 1410 honore
866 1352 984 1410 Servius
998 1352 1116 1409 Tullius
1130 1361 1200 1408 erut

223 1431 303 1490 Tum
330 1432 410 1490 Anci
437 1432 487 1492 filii
514 1433 573 1490 duo
598 1433 653 1490 etsi
681 1442 766 1490 antea
792 1451 904 1507 semper
926 1451 977 1507 pro
998 1431 1201 1508 indignissimo

223 1511 395 1584 habuerant,
406 1531 437 1568 se
450 1511 543 1587 patrio
556 1529 646 1586 regno
656 1511 758 1570 tutoris
773 1511 873 1568 fraude
886 1511 994 1586 pulsos,
1006 1529 1127 1587 regnare
1139 1509 1202 1567 Ro·

223 1608 280 1646 rnre
295 1591 448 1662 advenam,
461 1609 521 1650 uon
534 1589 619 1646 modo
634 1590 745 1662 civicae,
759 1589 810 1646 sed
824 1609 862 1646 ne
886 1589 996 1648 Italicre
1010 1591 1127 1666 quidem
1138 1589 1202 1646 stir-

189 1679 215 1718 15
225 1667 287 1742 pis;
303 1678 365 1726 turn
379 1666 535 1743 impensius
550 1667 595 1724 his
609 1667 766 1744 indignitas
777 1687 918 1735 crescere,
941 1669 965 1724 si
974 1687 1011 1726 ue
1030 1669 1066 1724 ab
1080 1667 1203 1742 Tarqui·

223 1745 287 1804 inio
300 1747 418 1821 quidem
433 1747 468 1804 ad
483 1766 515 1804 se
529 1747 635 1804 rediret
649 1765 780 1822 regnum,
793 1747 843 1804 sed
856 1765 986 1822 praeceps
997 1747 1065 1804 inde
1073 1765 1156 1822 porro
1165 1748 1201 1804 ad

223 1824 341 1884 servitia
355 1827 490 1894 caderet;
512 1826 588 1883 utin
610 1825 712 1882 eedem
726 1826 852 1897 civitate,
864 1836 926 1900 post
939 1826 1129 1884 centesimum
1145 1823 1203 1882 ferd

224 1922 345 1977 annum,
359 1902 446 1978 quiem
461 1904 616 1972 Romulus,
632 1904 697 1962 Deo
709 1915 877 1980 prognatus,
892 1903 973 1962 Deus
986 1906 1058 1980 ipse,
1078 1907 1204 1964 tennerit

224 2001 357 2058 regnum,
368 1983 462 2044 donec
475 1983 506 2058 in
521 1983 604 2042 terris
616 1983 711 2056 fuerit,
725 1984 754 2042 id
770 2003 868 2040 servus
881 1986 962 2041 serui
976 1995 1061 2042 natus
1076 1986 1203 2061 posside·

185 2075 214 2115 so
225 2072 270 2119 at:
292 2072 353 2120 tum
364 2081 517 2121 commune
531 2062 660 2121 Romani
674 2063 810 2131 nominis,
822 2073 883 2120 tum
897 2065 1042 2140 praecipue*
1057 2066 1087 2123 id
1101 2066 1202 2122 ‹lomds

223 2161 293 2215 suae,
305 2142 432 2200 dedecus
446 2143 515 2210 fore,
527 2143 561 2211 si,
576 2143 655 2200 Anci
669 2143 746 2220 regis
757 2143 831 2200 virili
844 2143 930 2220 stirpe
945 2145 1032 2217 selvd,
1043 2163 1102 2204 non
1113 2145 1200 2204 modd

224 2221 352 2290 advenis,
367 2223 419 2279 sed
433 2223 522 2280 serris
542 2222 640 2295 etiam,
650 2233 773 2300 regnum
784 2223 889 2280 Romae
902 2235 1022 2299 pateret.
1045 2224 1135 2284 Ferro
1147 2224 1202 2300 igi-

224 2309 268 2358 tur
281 2321 346 2359 eam
360 2321 460 2360 arcere
474 2303 680 2361 contumelium
694 2313 833 2360 statuunt.
876 2304 935 2360 Sed
946 2316 976 2361 et
994 2304 1107 2380 injuriae
1121 2304 1201 2361 dolor

225 2379 256 2436 in
269 2381 462 2456 Tarquinium
477 2382 570 2458 ipsum
584 2382 687 2458 magis,
703 2381 791 2456 qudm
805 2382 836 2439 in
851 2383 994 2456 Servium,
1009 2403 1059 2442 eos
1073 2384 1200 2442 stimule-

187 2457 290 2522 rebat:
310 2461 422 2536 etquis
444 2460 556 2537 gravior
577 2461 652 2518 ultor
673 2461 771 2532 cardis,
787 2460 811 2517 si
835 2472 1009 2536 superesset,
1023 2481 1075 2520 rex
1089 2463 1201 2520 futurus

222 2551 293 2609 erat,
327 2539 415 2615 qudm
449 2541 592 2614 privatus:
627 2550 698 2612 tum,
727 2539 828 2596 Servio
853 2540 962 2611 occiso,
989 2559 1200 2616 quemcumque

222 2618 310 2676 ulium
337 2637 480 2694 generum
512 2617 676 2692 delegisset,
700 2618 837 2674 eumdem
861 2618 944 2691 regni
971 2619 1115 2676 haeredem
1143 2621 1202 2680 fac-

223 2710 303 2756 turus
327 2698 488 2756 videbatur.
529 2695 578 2753 Ob
601 2697 665 2753 haec
689 2695 744 2771 ipsi
766 2695 828 2770 regi
842 2694 954 2752 insidiae
968 2708 1113 2772 parantur.
1155 2699 1201 2758 Ex

222 2777 385 2852 pastoribus
399 2777 458 2835 duo
479 2775 650 2834 ferocissimi
674 2775 780 2832 delecti
805 2776 841 2832 ad
864 2774 986 2845 facinus,
1008 2778 1111 2852 quibus
1133 2798 1201 2840 con·

188 2857 298 2928 sosueti
318 2867 402 2914 erant
415 2867 535 2931 uterque
559 2854 719 2932 agrestibus
737 2855 927 2924 ferramentis,
950 2857 980 2914 in
1004 2859 1144 2920 vestibulo
1157 2879 1201 2920 re·

223 2936 290 3012 giae,
303 2935 391 3010 qudm
403 2935 523 3012 potuere
537 2934 802 3002 tumultuosissime,
817 2935 915 3012 specie
928 2937 997 2996 rixae
1009 2937 1039 2996 iu
1053 2958 1084 2997 se
1098 2958 1201 3000 omnes

190 3065 196 3080 ,
226 3015 400 3089 apparitores
413 3015 505 3091 regios
519 3025 692 3074 convertunt
704 3034 712 3084 ;
733 3014 812 3087 inde,
836 3034 925 3089 quum
939 3018 1025 3076 umbo
1038 3036 1137 3095 regem
1151 3039 1200 3096 up·

226 3092 375 3167 pellerent,
390 3093 552 3168 clamorque
577 3113 676 3152 eorum
699 3093 816 3169 penitus
829 3094 859 3150 in
880 3095 991 3172 regiam
1012 3099 1198 3172 pervenisset,

226 3172 319 3230 vocati
332 3173 369 3229 ad
382 3191 480 3250 regem
494 3183 626 3249 pergunt.
667 3171 765 3231 Primo
779 3184 899 3248 uterque
921 3175 1081 3252 vociferari,
1094 3188 1124 3237 et
1137 3197 1200 3240 cer·

189 3251 306 3317 35tatim
330 3252 401 3310 alter
426 3252 508 3312 alteri
532 3252 707 3328 obstrepere,
722 3253 843 3312 coerciti
867 3254 904 3310 ab
918 3254 1029 3325 lictore,
1041 3268 1071 3316 et
1081 3259 1152 3334 jussi
1167 3259 1198 3316 in

224 3330 319 3388 vicem
332 3331 441 3400 dicere,
453 3333 571 3390 tandem
583 3333 698 3407 obloqui
712 3333 864 3390 desistunt.
905 3333 988 3392 Unus
998 3355 1059 3394 rem
1072 3357 1109 3396 ex
1122 3354 1200 3396 corn·

224 3409 318 3484 posito
331 3410 449 3469 orditur.
489 3410 592 3474 Quum
616 3411 744 3470 intentus
765 3412 796 3469 in
806 3431 877 3469 eum
892 3431 922 3472 se
937 3433 988 3472 rex
1001 3425 1077 3480 totus
1091 3425 1199 3474 averte·

225 3498 280 3556 ret,
295 3488 365 3547 alter
379 3489 483 3548 elatam
497 3491 621 3555 securim
635 3491 665 3548 in
679 3505 767 3566 caput
781 3491 903 3568 dejecit:
924 3493 1126 3568 relictoquein
1140 3489 1200 3550 tul·

223 3585 296 3626 nere
310 3567 376 3642 telo,
390 3569 475 3628 ambo
488 3589 519 3628 se
534 3569 608 3632 foras
621 3570 750 3648 ejiciunt.
934 3571 937 3576 '

190 3747 216 3790 ⁴0
264 3724 347 3784 XLI·
369 3725 564 3802 Tarquinium
587 3711 792 3788 moribundum
816 3743 916 3799 quum,
939 3721 987 3791 qni
1010 3718 1089 3772 circei
1106 3727 1199 3788 erent,

223 3806 419 3888 excepissent,
443 3807 507 3867 illos
531 3807 676 3884 fugientes
699 3807 817 3865 lictores
837 3791 1093 3870 comprehendunt.
1135 3794 1203 3891 (lle-
