2556 4314
88 407 90 414 ν
143 377 182 440 12
464 330 471 342 ·
541 331 612 428 'llll
627 373 715 428 L1v11

142 517 305 578 “homines
328 537 396 578 cum
418 519 583 578 hominibus
607 517 777 597 sanguinem
799 529 829 578 et
849 536 943 596 genas
962 518 1116 579 miscere.”

108 657 111 664 ,
140 598 172 658 N
174 599 433 692 usquam‘benigne*
448 599 554 677 legatio
564 601 662 658 audita
675 611 734 657 est:
750 597 822 657 aded
835 599 920 656 simul
931 600 1116 675 spernebant,

140 677 227 740 simul
250 689 361 737 tantam
382 697 412 737 rn
436 680 533 738 medio
556 690 735 736 crescentem
757 679 861 736 molem
878 679 933 736 sibi
948 697 982 736 ac
997 679 1117 753 posteris

74 775 77 782 ·
141 757 201 815 suis
215 759 391 816 metuebant.
432 758 459 815 A
474 759 616 834 plerisque
628 757 817 834 rogitantibus
827 757 948 825 dimissi,
964 761 984 788 “
995 757 1116 832 Ecquod
1135 752 1137 756 ’

142 841 161 868 “
173 836 298 895 foeminis
309 855 421 912 quoque
436 836 545 911 asylum
558 837 759 912 aperuissentl
782 836 812 893 id
826 836 904 893 enim
914 836 1031 894 demum
1040 855 1117 894 com·
1138 834 1153 875 ³

142 924 161 953 ‘⁴
172 933 224 992 par
237 917 416 974 connubium
431 916 518 972 fore.''
570 915 660 991 AEgre
676 915 703 972 id
718 915 854 974 Romana
864 915 956 990 pubes
969 915 1073 991 passa'3
1087 925 1117 974 et

111 1001 115 1008 '
140 994 218 1052 haud
232 995 318 1052 dubie*
333 995 370 1051 ad
391 995 448 1051 vim
470 1004 600 1068 spectare
624 994 790 1068 rescoepit:
812 994 861 1051 cui
882 1005 995 1070 tempus
1009 995 1118 1052 locum·

140 1092 196 1148 que
210 1083 309 1149 aptum
329 1083 361 1130 ut
381 1073 463 1130 daret
483 1073 637 1146 Romulus,
662 1073 862 1150 egritudinem
877 1073 965 1131 animi
984 1073 1118 1132 dissimu-

140 1151 212 1224 lans,
227 1152 309 1210 ludos
320 1171 360 1209 ex
380 1151 521 1208 industria
542 1163 632 1227 parat,
654 1152 794 1227 Neptuno
807 1152 941 1227 Equestri
962 1152 1115 1210 solennes:

141 1229 299 1289 Consualia
312 1241 404 1289 vocat.
434 1229 529 1288 Indici
543 1231 792 1290 deindelinitimis
806 1232 1004 1308 spectaculum
1016 1231 1116 1307 jubett
1128 1239 1153 1280 1⁰

139 1319 303 1386 quantoque
330 1319 466 1386 apparatu
493 1320 555 1366 tum
569 1311 717 1384 pciebant,
745 1321 795 1368 aut
821 1319 962 1386 poterant,
984 1310 1117 1368 concele-

140 1387 247 1459 brant,
281 1399 313 1446 ut
339 1408 400 1446 rem
425 1388 531 1446 clarum
559 1400 809 1465 exspectatamque
837 1390 974 1448 lacerent.
1029 1387 1117 1446 Multi

140 1468 275 1526 mortales
299 1467 482 1536 convenere,
506 1469 602 1524 studio
629 1468 715 1525 etiam
744 1469 875 1527 videndae
909 1487 991 1526 novas
1018 1468 1116 1538 urbis3

138 1547 263 1605 maxims
287 1547 409 1623 proximi
430 1548 545 1622 quique,
571 1547 771 1615 Caeninenses,
786 1547 974 1618 Crustumini,
993 1547 1118 1604 Antem-

141 1636 233 1685 nates.
273 1625 340 1684 Jam
366 1627 539 1684 Sabinorum
560 1622 840 1698 omnis‘mnltitnda
866 1646 935 1685 cum
955 1626 1053 1684 liberis
1080 1644 1115 1683 ac
1128 1635 1154 1674 1⁵

141 1705 324 1784 conjugibus,
334 1707 427 1764 venit:
444 1705 555 1764 inritati
569 1706 745 1782 hospitaliter
753 1726 804 1783 per
812 1706 922 1774 domos,
932 1725 1019 1781 quum
1029 1705 1116 1764 situm

141 1786 304 1861 moeniaque
326 1796 356 1844 et
379 1785 558 1860 frequentem
582 1786 667 1842 tectis
681 1787 780 1843 urbem
802 1781 950 1855 vidissent,
965 1785 1154 1869 mirantum?
1247 1822 1255 1825 -

46 1889 50 1893 ·
139 1874 199 1922 tam
213 1863 293 1921 brevi
306 1881 368 1922 rem
389 1865 554 1922 Romanam
576 1864 709 1920 crevisse.
751 1863 807 1920 Ubi
830 1861 989 1937 spectaculi
1002 1872 1148 1937 tempus,

141 1941 230 2013 uenit,
244 1941 405 2016 deditaeque
429 1942 464 1998 ed
487 1950 600 1998 mentes
621 1959 687 1996 cum
702 1941 794 1997 oculis
807 1951 897 2012 erant,
911 1949 973 1998 tum
988 1958 1024 1997 ex
1038 1958 1117 1998 com·
1133 1937 1154 2004 [a

141 2020 235 2096 posito
247 2029 309 2078 orta
322 2021 383 2080 vis:
405 2020 543 2094 signoque
558 2019 634 2091 dato,
656 2019 791 2095 juventus
805 2019 939 2077 Romana
953 2020 990 2078 ad
1004 2018 1117 2095 rapien·
1132 2055 1147 2098 ξ,

142 2099 194 2156 das
207 2099 333 2175 virgines
357 2099 499 2155 discurrit.
542 2097 652 2172 Magna
666 2116 732 2172 pars
746 2097 827 2168 sorte,
849 2109 880 2156 ut
894 2099 924 2156 in
938 2117 1024 2175 quem
1039 2117 1117 2174 quoe·
1132 2118 1147 2160 o

98 2245 102 2258 θ
140 2197 197 2254 que
210 2178 362 2245 inciderat,
376 2187 483 2252 raptae;
505 2177 642 2251 quasdam
658 2176 747 2233 furmb
762 2176 931 2245 excellente,
943 2177 1119 2253 primoribus
1133 2175 1153 2251 ξ

140 2256 260 2315 Petrum
284 2256 450 2323 destinatas,
473 2274 510 2312 ex
532 2255 615 2330 plebe
630 2255 773 2327 homines,
789 2255 893 2331 quibus
906 2257 1005 2314 datum
1026 2255 1153 2333 nego-*⁴

140 2336 212 2394 tium
225 2339 297 2406 erat,
312 2336 412 2392 domos
425 2334 601 2392 deferebant.
643 2334 750 2402 Unam,
762 2334 845 2410 longe*
860 2349 927 2392 ante
935 2335 1006 2393 alias
1019 2335 1117 2411 specie

32 2453 36 2460 -
141 2433 176 2472 ac
200 2414 415 2491 pulchritudine
438 2413 592 2490 insignem,
614 2413 731 2490 aglobo
751 2413 876 2472 Talassii
890 2415 1041 2491 cujusdam
1055 2433 1153 2490 rap-as

139 2509 199 2552 tam
221 2494 336 2554 ferunt:
359 2493 512 2569 multisque
535 2493 762 2562 sciscitantibus,
785 2493 902 2551 cuinam
920 2513 984 2552 eam
999 2493 1117 2562 ferrent,

140 2573 310 2648 identidem,
332 2593 370 2632 ne
394 2573 458 2649 quis
482 2573 609 2646 violaret,
625 2573 760 2633 Talassio
773 2574 841 2631 ferri
855 2571 1052 2632 clamitatum:
1074 2571 1118 2630 in·

139 2655 176 2712 de
203 2655 360 2732 nuptialem
387 2655 463 2712 banc
490 2671 589 2714 vocem
602 2653 730 2716 'factam
781 2653 912 2712 Turbato
934 2671 985 2729 per
1008 2661 1118 2710 metum

96 2743 102 2752 '
140 2733 263 2802 ludicro,
290 2734 384 2791 mdsti
413 2745 547 2808 parentes
568 2729 712 2810 virginum
744 2732 921 2807 profugiunt,
949 2732 1118 2792 incusantes

110 2809 235 2868 ⁴{violati
251 2812 365 2886 hospitii
380 2812 484 2882 soedns,
498 2811 651 2886 Deumque
673 2812 848 2880 invocantes,
870 2807 953 2884 cujus
973 2808 1008 2864 ad
1023 2808 1152 2874 solen-³0

95 2943 98 2951 r
139 2908 178 2949 ne
192 2886 343 2966 ludosipue,
363 2909 413 2964 per
428 2889 470 2945 sas
484 2907 519 2946 ac
533 2888 619 2945 fidem
634 2887 759 2962 decepti,
779 2887 933 2944 venissent.
951 2921 954 2928 ,
974 2885 1041 2945 Nec
1055 2905 1119 2964 rap-

140 2969 177 3033 tis
192 2979 241 3026 aut
255 2989 320 3046 spes
334 2969 370 3026 de
385 2987 415 3024 se
426 2967 539 3039 melior,
555 2978 604 3040 ant
617 2965 778 3042 indignatio
798 2976 843 3023 est
856 2965 967 3024 minor:
989 2966 1040 3024 sed
1055 2966 1117 3043 ipse

141 3047 285 3106 Romulus
299 3046 449 3112 circuibat,
464 3043 664 3122 docebatque;
707 3053 726 3080 ‘⁶
737 3043 855 3102 Petrum
867 3045 895 3102 id
909 3045 1043 3121 superbiai
1057 3047 1117 3105 fao-

141 3135 241 3194 “tum,
268 3127 317 3200 qui
338 3124 529 3185 connubium,
543 3123 673 3181 linitimis
687 3124 861 3199 negassent:
882 3123 945 3181 illas
965 3135 1064 3184 tamen
1085 3125 1115 3184 in

66 3263 69 3268 ,
141 3208 160 3237 “
169 3203 365 3275 'matrimonio'
388 3204 417 3261 in
431 3204 569 3261 societate
584 3201 761 3261 fortunarum
781 3203 911 3260 omnium
925 3203 1151 3280 civitatisque,35

141 3293 160 3320 ‘⁶
170 3292 208 3356 et,
223 3301 280 3359 quo
293 3284 364 3342 nibil
376 3283 471 3341 carius
485 3283 612 3340 lrumano
625 3282 724 3358 generi
741 3281 788 3351 sit,
803 3282 924 3340 liberam
939 3282 1008 3342 fore.
1043 3283 1117 3342 Mol·

141 3366 160 3394 “
171 3361 356 3446 lirentamodd
370 3363 444 3432 iras3
466 3373 505 3429 et,
526 3362 630 3436 quibus
654 3361 710 3420 sors
724 3381 843 3438 corpora
861 3363 999 3432 dedisset,
1013 3363 1122 3422 darent
1156 3365 1161 3372 '

141 3441 293 3500 “animos
336 3443 419 3517 Saepe
433 3459 470 3498 ex
483 3441 589 3518 injuria
602 3441 785 3517 postmodum
797 3443 918 3519 gratiam
933 3454 1044 3501 ortam:
1070 3440 1117 3502 eb-

141 3526 159 3554 “
170 3540 225 3598 que
239 3521 406 3580 melioribus
420 3539 520 3578 usuras
534 3520 611 3587 viris,
626 3519 703 3595 quod
717 3521 872 3580 adnisurus
885 3542 937 3598 pro
950 3541 981 3580 se
995 3522 1116 3598 quisque

66 3665 73 3674 ,
141 3605 164 3634 “
170 3600 217 3674 sit,
227 3611 268 3670 ut,
276 3620 365 3677 quum
375 3619 455 3657 suam
467 3601 560 3658 vicem
570 3600 686 3658 sanctus
702 3601 798 3660 officio
809 3601 855 3669 sit,
864 3603 1014 3677 parentdm
1028 3601 1114 3659 etiam
1125 3625 1151 3666 ω

107 3681 326 3757 “‘patriaeque
352 3680 471 3755 expleat·
492 3680 696 3737 desiderium:’'
749 3681 942 3739 Accedebant
969 3679 1115 3738 blanditiae

138 3761 273 3832 virorum,
295 3760 404 3818 factum
424 3756 613 3837 'purgantium
636 3759 793 3836 cupiditate
808 3772 899 3837 atque
915 3777 1028 3831 amore;
1050 3777 1115 3836 quae

138 3838 265 3900 maximo
279 3841 317 3898 ad
331 3840 470 3902 muliebre
491 3838 642 3919 ingenium
655 3840 792 3900 efficaces
804 3859 907 3920 preces
917 3849 994 3897 sunt.
