2520 4310
413 313 422 330 '
461 344 573 397 maun
586 345 710 396 xxxiv.
726 357 789 396 ea».
806 358 846 394 va.
1079 341 1142 404 255

163 487 263 564 “quid
286 487 405 548 tandem
428 489 495 548 novi
516 499 653 548 matrone
675 488 817 558 feceruut,
841 486 918 565 qudd
932 456 1095 563 frequentes
1108 485 1140 546 iu
1249 523 1250 540 ι

138 569 142 576 ’
162 570 280 627 κ(ιιιιιεέι
297 568 340 637 ¹ud
361 589 392 627 se
406 569 613 646 pertinentem
626 569 777 646 publicum
789 568 1015 646 processerunt?
1056 565 1141 624 Nun·

163 655 281 724 “quam
305 659 372 706 ante
395 649 451 708 hoc
471 659 586 726 tempus
609 650 640 708 iu
663 649 782 726 publico
805 647 1018 730 apparueruntl
1060 644 1143 703 Tuas

163 728 330 786 “adversus
353 738 386 786 te
405 733 414 761 ‘
430 729 590 804 Origices¹
615 729 767 788 revolvam.
817 728 944 805 Accipe,
972 724 1088 804 quoties'
1111 723 1142 782 id
1222 739 1226 752 ·

140 807 323 880 a“fecerint,
346 808 507 883 etquidem
530 827 642 886 semper
660 809 736 868 bono
756 808 884 885 publico.
924 807 992 865 Jam
1006 825 1024 864 a
1036 802 1144 882 princi·

163 895 183 924 “
194 886 255 962 pio,
267 897 407 963 regnante
431 888 569 963 Romulo,
583 907 683 964 quum,
698 888 842 964 Capitolio
865 886 902 945 ab
912 885 1034 945 ,Sabinis
1048 893 1141 961 capto,

163 969 183 998 “
194 967 290 1024 medio
303 967 333 1024 in
349 966 513 1044 forosignis
527 968 638 1026 collatis
652 967 849 1036 dimicaretur,
866 985 964 1026 nonne
978 965 1142 1023 intercursu

163 1048 388 1104 “matronarum
402 1047 478 1104 inter
492 1047 571 1105 acies
584 1048 657 1104 duas
668 1047 800 1122 proelium
809 1047 941 1106 sedatum
954 1046 1019 1103 estl
1038 1041 1143 1106 Quidt
1207 1101 1213 1106 .

162 1125 310 1201 “regibus
333 1125 453 1194 exactis,
467 1144 565 1201 quum,
589 1125 745 1184 Coriolano
766 1125 881 1185 Marcio
904 1126 989 1196 duce,
1011 1122 1143 1199 legiones

128 1217 152 1258 n
163 1211 182 1240 ‘⁴
194 1203 366 1262 Volscorum
380 1215 475 1262 castra
495 1205 532 1263 ad
545 1205 679 1281 quintum
700 1205 826 1281 lapidem
846 1204 1019 1282 posuissent,
1036 1201 1142 1262 'nonno

148 1285 182 1360 ·.“
193 1282 224 1340 id
245 1302 361 1359 agmen,
384 1303 442 1360 quo
462 1284 566 1343 obruta
590 1286 654 1343 haec
678 1285 746 1342 urbs
767 1296 853 1358 esset,
875 1295 1014 1342 matrone
1032 1291 1143 1340 averte·

162 1365 182 1395 ‘¹
191 1362 281 1419 runtl
322 1362 397 1434 Jam,
419 1362 499 1420 Urbe
513 1366 597 1439 capta
604 1383 637 1436 „a
646 1363 748 1437 Gallis,
761 1383 818 1439 quo
831 1365 981 1440 redempta
994 1362 1062 1420 urbs
1075 1361 1141 1419 estl
1169 1439 1173 1444 ,

163 1449 301 1516 “nempe
329 1460 432 1499 aurum
453 1452 591 1500 matronae
615 1461 761 1500 consensu
783 1443 914 1501 omnium
936 1443 967 1500 in
990 1442 1141 1519 publicum

163 1520 389 1580 “contulerunt
431 1520 565 1580 Proximo
589 1521 665 1580 bello
688 1520 740 1597 (ne
755 1522 873 1598 antiqua
886 1523 1028 1602 repetam)
1043 1541 1142 1583 noune

129 1614 154 1656 ro
164 1607 183 1638 ‘⁸
192 1609 232 1673 et,
246 1618 333 1675 quum
344 1600 469 1676 pecunia
482 1619 555 1677 opus
566 1600 628 1673 suit,
649 1600 799 1659 viduarum
823 1602 957 1677 pecuniae
971 1602 1143 1677 adjuverunt

163 1679 346 1749 “erarium
367 1691 406 1753 et,
419 1699 510 1757 quum
524 1680 574 1760 Dii
597 1699 711 1756 qnoque
735 1680 802 1739 novi
826 1681 873 1742 ad¹
886 1699 971 1756 opem
992 1681 1142 1740 ferendam

163 1758 291 1820 “dubiis
312 1760 399 1817 rebus
423 1769 646 1828 arcesserentur,
675 1769 812 1818 matrone
834 1759 976 1818 universe
1001 1760 1037 1818 ad
1062 1777 1142 1819 mare

162 1837 329 1914 “profectae
353 1849 421 1897 suut
444 1840 480 1898 ad
494 1839 620 1902 Matrem
634 1838 744 1898 Idaeam
765 1839 990 1915 accipiendaml
1032 1835 1142 1898 ‘Dissi-

163 1917 317 1991 “‘miles,'
332 1917 438 1994 inquis,
461 1924 576 1978 ‘causae
591 1918 678 1976 runt’
719 1918 787 1976 Nec
807 1919 880 1977 mihi
904 1935 1008 1978 causas
1028 1935 1142 1994 equare
1191 1952 1194 1957 ·

125 2009 153 2052 aa
163 2004 184 2032 “
195 1997 371 2071 propositum
384 2008 446 2056 est:
467 1998 540 2056 nihil
554 1998 620 2056 novi
635 1998 753 2070 factum,
764 2017 887 2074 purgare
901 1997 971 2056 satis
983 2007 1036 2056 est.
1077 1996 1142 2055 Ce-
1249 2051 1250 2054 ,

163 2073 297 2146 “terdm,
320 2077 399 2150 quod
420 2077 451 2134 iu
465 2077 552 2135 rebus
573 2077 610 2134 ad
622 2095 724 2136 omnes
745 2077 850 2152 pariter
864 2077 938 2136 viros
952 2077 1142 2152 soeminasque

163 2154 407 2229 “pertinentibus
431 2155 535 2214 secisse
559 2175 609 2214 eas
629 2175 716 2215 nemo
730 2157 850 2214 miratus
863 2167 917 2231 est,
931 2157 962 2213 in
976 2157 1064 2214 causa
1076 2172 1141 2231 pro·

162 2232 254 2308 “prid
279 2233 316 2290 ad
337 2234 414 2310 ipsas
437 2236 600 2311 pertinente
625 2237 763 2294 miramur
777 2236 906 2296 fecisset
945 2234 1029 2297 Quid
1043 2242 1141 2292 autem

163 2311 347 2371 “fecemntl
370 2315 507 2389 superbas
532 2314 593 2391 (me
614 2314 689 2374 Dius
712 2315 812 2394 fidius)
835 2333 919 2372 aures
933 2315 1083 2386 habemus,
1104 2311 1140 2386 si,

124 2413 152 2457 m
164 2399 184 2428 ‘⁴
195 2391 408 2466 quum-domiui
418 2412 564 2452 servorum
575 2413 634 2452 nou
649 2395 921 2470 fastidientpreces,
929 2392 1091 2470 uosrogari
1103 2391 1141 2450 ab

163 2469 324 2529 “honestis
338 2470 464 2528 semini·
476 2471 670 2548 indignamur.

202 2627 256 2686 VI.
278 2637 298 2668 ‘⁵
307 2627 404 2686 Venio
426 2646 508 2687 nunc
531 2628 568 2686 ad
592 2627 633 2701 id,
656 2628 693 2687 de
707 2646 765 2703 quo
777 2629 890 2704 agitur:
911 2628 942 2686 iu
955 2646 1012 2704 quo
1025 2618 1140 2705 fduplex

162 2715 182 2744 ‘⁶
194 2707 323 2768 consulis
335 2708 426 2766 oratio
439 2706 492 2766 fuit
505 2727 512 2764 ι
533 2726 602 2766 uam
615 2717 645 2765 et
665 2707 760 2784 legem
773 2708 863 2766 ullam
875 2707 995 2766 omuino
1008 2707 1140 2786 abrogari

161 2790 182 2819 “
192 2797 237 2846 est
250 2787 436 2864 indignatus3
457 2797 486 2845 et
506 2805 572 2846 eam
585 2787 729 2864 precipue
742 2788 848 2865 legem,
867 2807 931 2866 quae
944 2785 1064 2846 luxuriae
1078 2807 1141 2850 mu·

124 2886 152 2927 ao
162 2874 183 2904 ‘⁴
193 2865 292 2924 liebris
306 2867 478 2926 coercendae
492 2869 581 2925 causat
600 2866 659 2926 lata
671 2878 756 2926 esset
798 2867 837 2926 Et
849 2868 899 2926 illa
912 2868 1074 2926 communis
1085 2861 1139 2946 pro

162 2949 182 2978 “
190 2945 303 3022 legibus
318 2947 378 3004 visa
391 2947 551 3006 considaris
573 2946 665 3005 oratio
677 2957 740 3018 est,
761 2957 791 3006 et
804 2947 869 3006 hec
881 2949 1017 3006 adversus
1031 2948 1153 3011 luxuri:

163 3032 242 3082 “am
265 3026 454 3085 severissimis
468 3027 596 3086 moribus
609 3027 823 3086 conveniebat(
852 3027 954 3104 Itaque
976 3028 1139 3104 periculum

127 3161 129 3165 .
162 3112 245 3178 “est,
259 3105 326 3175 nisi,
341 3107 409 3182 quid
424 3107 454 3165 in
475 3109 596 3184 utrique
614 3127 645 3166 re
667 3107 793 3182 reuisit,
808 3107 1002 3176 docuerimus,
1024 3109 1140 3185 nequis

162 3192 270 3254 “error
283 3186 363 3245 vobis
384 3187 557 3264 offundatur.
598 3187 663 3265 Ego
681 3187 770 3254 enim,
784 3188 1028 3263 quemadmodum
1041 3206 1079 3246 ex
1093 3187 1139 3246 his

125 3267 182 3324 ιε’(
192 3263 315 3340 legibus,
337 3285 400 3342 quae
424 3287 484 3326 non
497 3269 528 3326 in
541 3278 655 3342 tempus
669 3267 792 3342 aliquod,
808 3268 860 3324 sed
873 3277 1019 3343 perpetuae
1033 3263 1139 3325 utilita-

162 3342 231 3400 ‘ttis
245 3346 332 3400 causa
355 3344 386 3403 in
408 3357 547 3404 aetemum
570 3345 636 3430 lqte
657 3356 734 3420 sunt,
758 3346 867 3410 nullam
884 3343 1017 3421 abrogari
1029 3343 1137 3404 debere

163 3428 183 3460 “
195 3419 296 3489 fateor,
315 3421 372 3480 nisi
385 3441 471 3498 quam
485 3434 536 3481 aut
548 3441 619 3484 usus
631 3424 772 3502 coarguit,
786 3436 836 3484 aut
849 3435 940 3484 status
960 3421 1064 3498 aliquis
1083 3423 1138 3482 rei·

163 3509 183 3540 ‘⁶
193 3500 318 3577 publice
340 3500 474 3560 inutilem
488 3502 558 3562 fecit
568 3522 578 3573 3
590 3502 652 3577 aio‘,
666 3523 737 3579 quas
754 3515 885 3581 tempora
907 3503 1001 3578 aliqua
1025 3501 1139 3562 deside

163 3581 295 3638 “rerunt
317 3580 406 3657 leges,
429 3581 563 3640 mortales
587 3580 633 3660 (ut
656 3583 696 3642 ita
709 3584 819 3662 dicam)
834 3592 864 3642 et
876 3581 1054 3658 temporibus
1067 3581 1139 3658 ipsis

35 3717 39 3726 ,
126 3677 153 3722 tu
163 3668 183 3698 ‘⁴
194 3659 348 3718 mutabiles
361 3679 426 3720 esse
439 3660 532 3720 video.
571 3660 649 3724 Quae
662 3663 694 3722 in
706 3682 779 3741 pace
793 3663 858 3720 late
871 3670 948 3734 sunt,
968 3661 1139 3740 plerumque

163 3748 183 3780 ‘¹
195 3739 303 3798 bellum
317 3740 455 3818 abrogat3
475 3759 540 3818 qna
565 3741 595 3800 iu
620 3741 705 3816 bello,
719 3761 794 3821 pax:
816 3740 892 3801 utin
905 3741 989 3801 navis
1003 3741 1140 3802 adminis-

162 3818 314 3900 ‘ftraticue
334 3819 392 3882 alia
411 3820 442 3880 in
465 3822 635 3904 secundam,
649 3821 707 3885 al‘n
725 3822 756 3882 iu
770 3821 920 3882 adversam
940 3831 1141 3902 tempestatem
