2556 4314
524 267 632 339 'arnan
649 290 669 338 1.
686 261 750 340 aaa
767 304 830 338 am.
1074 347 1076 352 ,
1129 290 1170 350 49
1228 255 1229 260 ¹

191 443 272 492 atrox
287 433 397 491 invidia
410 441 473 491 orta
493 442 547 504 est,
562 433 665 508 gladiis
689 433 719 489 iu
741 433 838 492 medio
858 432 967 508 positis,
990 442 1032 502 ut,
1056 432 1167 491 indicta

191 514 293 585 causti,
307 531 383 571 novo
396 530 504 588 genere
518 511 578 578 leti,
593 511 724 586 dejectus
747 513 783 567 ad
798 521 885 587 caput
899 530 979 585 aquae
992 512 1167 580 Ferentinae,

191 603 272 652 crate
287 592 411 667 superne
425 591 533 668 injecta
546 590 680 666 saxisque
694 591 850 666 congestis,
865 601 1050 668 mergeretur.

236 749 303 810 LII.
325 748 481 806 Revocatis
495 747 601 805 deinde
615 741 651 804 ad
673 748 830 806 concilium
846 747 968 822 Latinis,
983 747 1169 824 Tarquinius,

170 829 431 904 scollaudatisque‚
444 828 493 902 qni
507 827 641 884 Turnum
656 837 811 884 novantem
821 847 867 886 res
879 848 933 903 pro
945 828 1098 886 manifesto
1111 847 1173 904 par·

195 909 299 968 ricidio
320 909 423 978 merita
445 908 532 983 poenal
558 906 732 980 affecissent,
757 907 797 964 ita
822 908 909 964 verba
932 907 1022 966 fecit:
1054 907 1172 966 “Posse

195 989 342 1063 “quidem
367 1006 398 1044 se
422 995 533 1043 vetusto
553 985 618 1062 Jure
640 1005 737 1062 agere,
752 985 840 1061 quod,
854 1006 943 1062 quurn
958 1007 1060 1045 omnes
1074 985 1171 1044 Latini

194 1070 213 1099 “
225 1067 261 1123 ab
272 1059 352 1124 lllba
365 1065 480 1125 oriundi
494 1064 562 1138 sint,
576 1065 606 1122 in
620 1085 656 1122 eo
671 1066 778 1122 foedere
792 1076 956 1140 teneantur,
970 1085 1027 1142 quo
1049 1067 1086 1124 ab
1100 1065 1172 1124 Tul-

195 1155 215 1182 “
226 1144 255 1204 lo
267 1165 313 1202 res
337 1145 431 1204 omnis
455 1145 571 1202 Albana
585 1164 652 1202 cum
677 1144 787 1202 colonis
801 1145 861 1202 suis
876 1146 905 1202 in
925 1146 1094 1204 Romanum
1109 1165 1173 1203 ces·

159 1237 185 1278 1⁰
195 1229 215 1256 “
226 1225 295 1284 serit
308 1225 469 1300 imperium.
511 1223 656 1282 Caeterrim
678 1243 709 1282 se
731 1225 862 1282 utilitatis
883 1225 913 1283 id
934 1227 1026 1302 magis
1040 1226 1171 1284 omnium

196 1313 216 1341 “
227 1307 314 1362 causi
328 1323 459 1377 censere,
476 1315 507 1360 ut
528 1314 684 1362 renovetur·
701 1303 730 1361 id
745 1303 858 1375 soedus;
879 1307 1065 1382 secundique
1079 1305 1174 1382 potiris

195 1387 215 1416 ‘⁴
226 1384 339 1442 fortunii
352 1383 450 1460 populi
464 1383 592 1442 Romani
606 1393 638 1440 ut
650 1382 805 1459 participes
819 1383 916 1442 latini
930 1384 1070 1453 fruantur,
1084 1383 1172 1460 qndm

196 1472 216 1500 ‘⁶
225 1464 340 1521 urbium
353 1463 486 1521 exscidia
499 1463 728 1537 vastationesque
742 1480 886 1538 agrorum,
899 1483 971 1538 quas
983 1465 1071 1522 Anco
1081 1463 1172 1540 priris,

196 1551 216 1579 “
228 1554 309 1620 patre
330 1543 437 1600 deiude
462 1561 513 1598 suo
537 1552 687 1617 regnante,
707 1541 836 1616 perpessi
850 1542 917 1609 sint,
932 1561 1045 1618 semper
1064 1554 1114 1600 aut
1126 1562 1175 1600 ex·

157 1625 217 1674 15“
230 1631 373 1696 spectent,
401 1631 451 1677 aut
476 1619 650 1695 patiantur.”
705 1619 794 1676 Haud
826 1620 980 1678 difficulter
1005 1640 1174 1696 persuasum

197 1699 322 1766 Latinis,
337 1718 507 1775 quamquam
523 1699 553 1754 in
577 1717 612 1756 eo
630 1697 738 1755 foedere
752 1699 880 1774 superior
894 1699 1031 1756 Romana
1044 1719 1090 1758 res
1104 1711 1173 1758 erat.

195 1778 342 1837 Caeterdm
358 1788 388 1836 et
406 1778 502 1853 capita
515 1777 640 1835 nominis
653 1776 751 1834 Latini
765 1788 841 1835 stare
855 1796 890 1835 ac
904 1779 1011 1836 sentire
1025 1797 1092 1836 curn
1105 1799 1174 1858 rege

196 1858 354 1926 videbant3
376 1868 406 1915 et
430 1857 551 1914 Turnus
572 1857 616 1914 sui
640 1856 744 1932 cuique
767 1856 898 1933 periculi,
913 1857 937 1915 si
951 1858 1118 1916 adversatus
1131 1879 1175 1918 es·

196 1948 367 2006 set,recens
391 1946 454 1994 erat
477 1937 693 1994 documentum.
735 1934 781 1994 Ita
805 1947 973 1995 renovatum
997 1937 1101 2012 Ioedus,
1128 1939 1174 1996 in·

158 2033 186 2073 aa
196 2017 363 2091 dictumque
384 2015 547 2092 junioribus
567 2015 752 2093 Latinorum,
757 2025 794 2093 pt
807 2035 844 2073 ex
859 2016 965 2074 soedere
980 2017 1027 2074 die
1042 2020 1121 2077 certi
1135 2019 1172 2078 ad

195 2096 296 2155 lucum
310 2095 474 2152 Ferentinae
497 2095 598 2152 armati
623 2095 788 2170 frequentes
806 2096 950 2154 adessent.
992 2096 1056 2158 Qui
1070 2098 1121 2156 uhi
1135 2099 1172 2158 ad

196 2175 324 2235 edictum
340 2174 467 2232 Romani
488 2175 565 2252 regis
588 2193 626 2232 ex
650 2174 785 2232 omnibus
802 2175 916 2251 populis
929 2178 1112 2247 convenam
1134 2195 1172 2236 ne

197 2255 302 2313 ducem
327 2273 422 2325 suurn,
450 2273 525 2323 neve
552 2263 696 2311 secretum
721 2253 885 2329 imperium,
911 2255 1061 2331 propriave
1088 2257 1173 2334 signa

198 2333 346 2406 haberent,
360 2333 478 2390 miscuit
500 2333 661 2406 manipulos
682 2351 720 2389 ex
735 2330 849 2390 Latinis
861 2334 1071 2410 Romanisque,
1086 2349 1118 2394 ut
1132 2356 1170 2394 ex

160 2411 273 2471 sabinis
296 2412 423 2488 singulos
444 2412 562 2478 faceret,
577 2411 717 2486 binosque
739 2429 776 2468 ex
789 2411 932 2488 singulis:
954 2414 995 2470 ita
1016 2415 1170 2490 geminatis
1198 2426 1205 2467 ⁸.

195 2491 348 2568 manipulis
362 2491 548 2550 centuriones
561 2490 705 2566 imposuit.

235 2649 319 2707 LIII.
339 2650 419 2717 Nec,
433 2659 465 2706 ut
481 2647 612 2724 ¹injustus
633 2647 663 2703 in
687 2665 759 2722 pace
773 2635 837 2720 re'x,
852 2647 891 2705 ita
904 2649 963 2706 dux
977 2649 1044 2708 belli
1067 2669 1171 2726 pravus

196 2729 266 2802 fuit:
286 2729 355 2804 quin
377 2731 414 2786 est
434 2739 494 2786 arte
519 2727 657 2802 aequasset
681 2725 842 2802 superiores
863 2746 956 2804 reges,
971 2729 1000 2786 ui
1015 2729 1172 2808 degenera-

195 2818 257 2867 tum
271 2808 301 2866 in
316 2809 379 2866 aliis
394 2806 463 2866 huic
481 2826 593 2882 quoque
615 2805 713 2863 decori
735 2805 887 2865 offecisset.
929 2807 959 2865 Is
972 2809 1081 2886 primus
1103 2813 1170 2872 Vol·

160 2887 254 2945 :tcscis
275 2887 383 2944 bellum
406 2888 436 2944 in
458 2888 600 2944 ducentos
624 2884 745 2962 ampliris
762 2897 826 2961 post
848 2905 930 2944 suam
949 2900 1062 2948 aetatem
1076 2909 1168 2951 annos

195 2967 305 3035 movit3
327 2966 518 3041 Suessamque
542 2965 701 3023 Pometiam
723 2985 760 3024 ex
782 2966 828 3023 his
852 2966 878 3023 vi
892 2969 988 3044 cepit:
1016 2970 1066 3028 nbi
1078 2990 1167 3045 quum

196 3040 353 3102 dividendi
376 3046 473 3120 prada
495 3045 706 3121 quadringenta
729 3045 837 3103 talenta
860 3047 972 3123 argenti
993 3050 1111 3126 aurique
1125 3071 1168 3111 re·

196 3123 331 3192 fecisset3
352 3125 486 3200 concepit
507 3125 603 3182 auimo
626 3143 690 3181 eam
713 3124 929 3200 amplitudinem
954 3127 1034 3186 Jovis
1057 3132 1167 3210 templi¹

194 3220 260 3278 quse
274 3203 362 3280 digua
376 3203 470 3261 Derim
492 3204 696 3279 hominumque
710 3223 788 3280 rege,
803 3224 866 3280 quae
887 3205 1023 3266 Romano
1036 3209 1166 3287 imperio,

160 3299 259 3357 aequa
273 3283 363 3358 ipsius
376 3283 464 3340 etiarn
484 3282 541 3340 loci
556 3283 705 3359 majestate
719 3295 803 3340 esset.
845 3284 997 3360 Captivam
1010 3293 1166 3364 pecuniam

194 3361 226 3420 in
241 3361 462 3419 edificationem
477 3362 539 3438 ejus
553 3361 651 3437 templi
666 3363 801 3438 seposuit.
840 3363 966 3440 Excepit
979 3363 1085 3426 deinde
1099 3390 1167 3427 eum

194 3440 303 3498 lentius
317 3459 366 3514 spe
381 3438 497 3508 bellum,
511 3460 567 3515 quo
580 3441 698 3510 Gabios,
712 3441 900 3517 propinquam
915 3445 1025 3514 urbem,
1047 3448 1168 3519 nequid-

150 3539 153 3546 ·
194 3536 284 3594 quam
299 3517 327 3574 ri
341 3519 468 3592 adortus,
480 3537 568 3595 quum
592 3521 745 3578 obsidendi
766 3540 878 3596 quoque
891 3517 993 3580 urbem
1007 3542 1073 3596 spes
1086 3523 1168 3595 pulso

193 3617 212 3655 a
225 3597 369 3655 moenibur
393 3598 525 3675 adempta
545 3610 630 3667 esset,
644 3597 790 3675 postremi>
804 3599 923 3656 minime
938 3610 998 3655 arte
1020 3599 1166 3666 Romana,

93 3719 96 3726 .
159 3677 295 3740 rosraude
310 3696 345 3734 ac
359 3677 436 3750 dolo,
449 3697 601 3754 aggressus
614 3688 685 3753 estg
695 3696 763 3735 nam
776 3696 875 3751 quum,
888 3675 966 3730 velut
978 3671 1070 3754 posito
1083 3672 1170 3746 bello,

195 3755 393 3816 fundamentis
405 3757 505 3833 templi
526 3757 671 3834 jaciendis
695 3756 815 3828 aliisque
839 3749 957 3808 urbanis
979 3744 1114 3817 operibus
1128 3749 1170 3808 in·
