2520 4310
980 268 998 295 ἱ

457 265 855 352 “cranam-eumn.
1102 293 1161 368 m

184 447 204 476 “
212 437 371 512 certamen,
399 436 570 519 improvisus
596 444 733 503 incidisse
760 444 868 516 videor,
892 461 930 500 an
952 459 1105 502 occurrere
1126 443 1157 503 in

183 523 344 599 “vestigiis
368 523 470 600 ejusl,
482 523 624 581 lacessere
652 543 687 582 ac
711 518 828 581 trahere
851 522 887 579 ad
916 523 1155 583 decernendumt

94 601 100 612 “
184 602 348 677 “Experiri
366 603 457 678 jurat,
481 603 574 662 utrdm
599 603 669 660 alios
692 602 809 679 repente*
832 602 1087 679 Carthaginienses
1105 619 1157 679 per

164 716 167 721 -
182 681 316 756 “viginti
331 701 422 740 anuos
435 694 510 744 terra
523 684 672 756 ediderat:
694 702 731 740 an
746 684 834 740 iidem
847 683 914 754 sint,
928 682 978 757 qui
992 684 1028 738 ad
1041 683 1158 758 AEgates

161 763 205 818 5“
215 773 417 836 pugnaverunt
429 762 548 830 insulas,
562 772 592 820 et
605 782 676 837 quos
690 763 728 819 ab
741 762 836 838 Eryce
852 761 1059 818 duodevicenis
1072 761 1159 818 deua-

184 840 266 897 “riis
280 841 432 899 aestimatos
456 842 609 900 emisistis:
631 853 661 899 et
682 842 776 900 utrdm
791 841 939 898 Hannibal
959 841 1007 898 hic
1021 841 1059 898 sit
1072 857 1159 899 aemu·
1212 898 1215 907 ,

185 926 205 955 “
215 918 261 976 lus
274 920 409 980 itinerum
424 921 570 989 Herculis,
586 933 618 979 ut
638 922 699 996 ipse
713 922 777 989 fert,
790 940 826 978 au
841 920 990 996 vectigalis
1003 919 1159 996 stipendia·
1175 935 1202 972 t„

183 998 326 1074 “rinsque
348 1011 376 1057 et
397 1019 495 1058 servus
518 1001 616 1076 populi
638 1001 798 1058 Romania
817 1011 904 1075 patre·
912 1000 1050 1057 relictus:
1072 1009 1158 1074 quent

182 1083 201 1112 “
210 1077 266 1135 nisi
291 1079 485 1154 Saguntinum
508 1081 604 1136 scelus
626 1081 757 1158 agitaret,
783 1079 939 1154 respiceret
966 1078 1107 1154 prolecto,
1133 1077 1157 1136 si

147 1162 269 1230 tt“119¹1
294 1159 415 1232 patriam
433 1160 547 1236 rictam,
572 1160 691 1216 domum
710 1157 799 1230 certd,
814 1170 991 1234 patremque,
1006 1167 1035 1214 et
1049 1158 1159 1216 soedera

179 1234 383 1294 “Hamilcaris
407 1239 514 1313 scripta
537 1257 625 1295 manu
637 1259 643 1308 ;
675 1239 735 1314 qui,
753 1239 850 1314 jussus
872 1257 889 1294 a
910 1237 1029 1294 consule
1049 1246 1157 1309 nostro,

148 1377 150 1382 ,
179 1315 376 1389 “praesidinm
401 1318 520 1374 deduxit
543 1319 580 1374 ab
594 1319 706 1393 Eryce;
727 1318 775 1393 qui
790 1336 891 1393 graves
912 1315 1059 1392 impositas
1074 1315 1158 1374 victis

180 1392 501 1470 “Carthaginiensibus
515 1398 594 1472 leges
615 1397 740 1454 fremens
754 1415 933 1471 moerensque
953 1397 1085 1471 accepit:
1107 1393 1157 1470 qui

180 1472 355 1530 “decedere
381 1475 492 1547 stertit,
511 1477 560 1550 qui
592 1477 767 1550 stipendium
788 1477 893 1551 populo
923 1476 1060 1533 Romano
1086 1475 1158 1534 dare

147 1575 171 1616 15
180 1554 200 1583 “
211 1563 314 1626 paetus
328 1563 380 1610 est.
422 1554 523 1628 Itaque
538 1572 665 1630 vosego,
687 1555 802 1627 milites
816 1574 875 1611 non
892 1573 928 1612 eo
941 1555 1034 1611 solum
1049 1555 1157 1630 anime,

181 1639 201 1668 “
212 1649 269 1704 quo
283 1633 418 1690 adversus
433 1633 503 1690 alios
516 1635 612 1691 hostes
626 1633 733 1705 soletis,
753 1652 882 1709 pugnare
897 1633 1001 1702 velim;
1023 1635 1074 1690 sed
1089 1651 1158 1692 curu

83 1722 85 1726 '
181 1709 413 1786 “indignatione
437 1713 561 1787 quadam
586 1723 671 1788 atque
695 1714 757 1782 irti3
779 1712 857 1769 velut
881 1712 905 1769 si
927 1730 1023 1769 servos
1038 1711 1158 1770 videatis

180 1797 200 1826 “
209 1799 318 1847 vestros
332 1810 412 1848 arma
425 1791 544 1867 repente
559 1805 660 1850 contra
673 1811 723 1850 vos
737 1792 870 1849 ferentes.
912 1790 1019 1862 Licuit,
1035 1791 1071 1847 ad
1087 1791 1158 1866 Ery-

178 1876 276 1926 “cem
301 1870 424 1938 clausos,
439 1872 540 1929 ultimo
564 1871 705 1947 supplicio
729 1872 931 1944 humanorum,
946 1870 1032 1937 lame,
1052 1869 1158 1928 interii·

106 1969 109 1978 ·
143 1970 168 2011 m
179 1955 199 1984 “
210 1966 296 2006 cere:
318 1949 401 2008 licuit
414 1951 564 2008 victricem
587 1953 710 2008 classem
725 1951 755 2007 in
770 1950 900 2016 Africam
915 1951 1057 2027 trajicere,
1073 1960 1158 2025 atque

179 2035 199 2064 “
210 2027 288 2085 intra
301 2047 409 2104 paucos
423 2031 486 2087 dies
500 2031 562 2087 siue
577 2030 634 2088 ullo
653 2030 812 2088 certamine
828 2030 1035 2105 Carthaginem
1050 2030 1157 2091 deleret

178 2107 335 2165 “Veniam
360 2109 501 2166 dedimus·
514 2110 719 2185 precantibus:
752 2109 901 2167 emisimus
925 2128 962 2166 ex
987 2109 1157 2166 obsidiones

177 2193 312 2261 “pacem
326 2207 393 2245 eum
408 2189 491 2246 victis
505 2189 626 2246 fecimus
639 2189 756 2246 :tutelae
771 2189 877 2246 deinde
891 2199 996 2246 nostrae
1010 2189 1157 2259 duximus,

175 2267 294 2339 “quum
309 2268 410 2325 Africo
424 2268 500 2325 bello
515 2279 693 2343 urgerentur.
716 2268 771 2326 Pro
786 2269 831 2324 bis
845 2268 1006 2343 impertitis,
1018 2267 1158 2328 furiosum

138 2366 165 2407 25
176 2351 196 2380 “
206 2345 343 2418 juvenem
358 2356 522 2420 sequentes,
533 2357 730 2421 oppugnatum
744 2347 865 2420 patriam
886 2358 1013 2404 nostram
1028 2347 1156 2405 veniunt.

177 2421 308 2495 “Atque
332 2424 443 2480 utinam
466 2443 519 2497 pro
542 2425 646 2481 decore
670 2423 780 2480 tanturn
804 2425 860 2480 hoe
882 2425 970 2494 vobis,
985 2435 1013 2480 et
1032 2445 1091 2482 non
1105 2443 1157 2501 pro

174 2503 196 2532 “‘
211 2499 312 2566 salute,
336 2511 413 2557 esset
434 2513 591 2556 certamen.
633 2501 702 2556 Non
722 2502 758 2556 de
785 2502 964 2574 possessione
987 2503 1095 2559 Sicilire
1122 2519 1158 2563 ac

177 2586 197 2615 ‘⁴
213 2579 365 2652 Sardinia,
388 2579 424 2635 de
451 2579 555 2652 quibus
576 2578 720 2652 quondam
742 2579 890 2652 agebatur,
917 2579 969 2634 sed
995 2599 1047 2654 pro
1073 2581 1157 2640 ltalia

177 2665 197 2695 “
212 2658 294 2714 vobis
308 2670 352 2715 est
374 2657 584 2733 pugnandum:
606 2675 663 2712 uec
684 2665 728 2712 est
752 2656 831 2712 alius'
847 2657 884 2711 ab
907 2666 989 2731 tergo
1002 2659 1156 2730 exercitus,

139 2762 165 2802 ω
177 2745 200 2804 “,
207 2737 267 2812 qui,
282 2737 336 2794 nisi
352 2757 405 2794 nos
420 2736 573 2803 vincimus,
589 2735 663 2792 hosti
676 2734 815 2804 obsistat3
831 2753 887 2791 nec
896 2734 987 2810 Alpes
1001 2736 1064 2793 aliae
1078 2750 1155 2810 sunt,

124 2841 129 2854 ¹
176 2826 196 2854 “
209 2835 280 2892 quas
293 2818 368 2874 dum'
378 2825 524 2891 superant,
539 2814 699 2889 comparari
713 2833 786 2871 nova
799 2814 909 2890 possint
922 2816 1063 2890 praesidia.
1097 2818 1156 2878 Hic

176 2905 197 2938 “
209 2907 253 2954 est
266 2897 451 2966 obstandum,
466 2893 581 2961 milites,
598 2894 674 2950 velut
688 2893 712 2952 si
727 2904 792 2951 ante
808 2894 950 2951 'Romana
964 2897 1070 2954 moenia
1084 2915 1155 2978 pug-

176 2983 197 3012 “
207 2979 319 3032 nemus.
361 2974 564 3049 Unusquisque
589 2991 620 3030 se
635 2993 692 3030 non
707 2992 812 3048 corpus
825 2992 918 3046 suurn,
934 2976 985 3032 sed
999 2977 1154 3055 conjugem

177 3063 198 3090 “
210 3073 245 3111 ac
258 3054 364 3112 liberos
387 3073 499 3129 parvos,
514 3052 600 3110 armis
623 3055 773 3128 protegere
788 3065 887 3128 putet:
910 3073 966 3111 nec
980 3057 1154 3115 domesticas

139 3157 166 3199 35
176 3133 295 3196 “soldm
311 3135 399 3210 agitet
413 3153 508 3206 curas,
523 3133 573 3190 sed
595 3131 754 3190 identidem
769 3133 824 3190 hoe
839 3133 936 3191 animo
950 3147 1072 3209 reputet,
1086 3155 1161 3206 nos,
1232 3195 1238 3208 ,

176 3223 196 3250 “
207 3224 265 3271 tras
279 3234 358 3272 nunc
374 3213 478 3272 intueri
493 3222 596 3270 manus
611 3224 742 3270 senatum
757 3214 955 3288 populumque*
965 3213 1133 3274 Romanum
1143 3234 1166 3285 ς.

105 3345 107 3350 .
176 3294 298 3366 “qualis
321 3304 419 3351 nostra
439 3293 481 3349 vis
499 3292 643 3366 virtusque
667 3292 763 3365 fuerit,
784 3292 871 3351 talem
885 3293 993 3351 deinde
1008 3295 1152 3354 somonam

177 3380 197 3407 “
209 3371 286 3428 itlius
299 3373 378 3428 urbis
392 3391 427 3428 ac
441 3371 570 3429 Romani
585 3371 696 3447 imperii
711 3373 798 3430 sore.'’

127 3595 132 3603 Ι
216 3517 316 3602 XLII.
338 3527 413 3584 Haec
440 3528 516 3603 apud
539 3527 689 3586 Romanos
712 3529 822 3588 consul.
877 3507 1037 3592 Hannibal,
1063 3521 1151 3584 rebus

69 3624 71 3628 ·
139 3605 355 3684 cuiusquam
369 3606 462 3664 verbis
475 3608 667 3666 adhortandos
688 3599 793 3666 milite's
806 3618 894 3679 ratus,
916 3604 1095 3661 circumdato
1114 3604 1150 3661 ad

176 3686 374 3764 spectaculum
397 3689 534 3760 exercitu,
559 3689 688 3764 captivos
711 3700 862 3745 montanos
884 3684 995 3739 vinctos
1010 3681 1038 3739 in
1053 3681 1150 3740 medio

17 3759 21 3878 Ξ
175 3767 293 3840 statuit3
315 3766 457 3844 armisque
470 3767 591 3904 Galqussip
604 3779 671 3826 ante
684 3785 785 3824 eorum
798 3764 887 3843 pedes
903 3759 1048 3836 projectis,
1062 3761 1149 3822 inter·
1219 3783 1228 3796 ·
