2556 4314
487 301 490 306 .
504 261 647 318 LIBERI.
665 275 729 314 aaa
745 276 828 346 xvrrr,
1111 263 1151 321 19

171 403 201 476 in
215 404 328 482 legibus
348 404 620 480 magistratibusque
632 406 778 482 rogandis,
793 413 945 478 usurpatur
959 403 1035 460 idem
1047 402 1105 480 jus,
1119 403 1148 462 ri

171 485 325 560 adempta:
346 483 512 558 priusquam
536 484 659 558 populus
672 484 840 559 suffragium
856 483 945 549 ineat,
959 483 990 540 iu
1002 484 1147 544 incertum

170 564 356 620 comitiorum
370 573 505 619 eventum
520 563 620 619 Patres
634 575 766 620 auctores
789 561 871 618 fiunt.
911 561 991 620 Tum
1011 561 1148 630 interrex,

170 642 315 700 concione
341 641 488 712 advocati,
512 641 631 701 “Quod
656 642 776 713 bonum,
791 641 925 711 faustum,
939 639 1063 715 felixque
1080 640 1145 709 rit‚”

147 719 276 794 sinquit,
304 725 322 751 “
333 719 476 792 Quirites,
501 738 599 794 regem
623 730 739 787 create3
761 720 801 776 ita
822 719 956 776 Patribus
983 719 1075 776 visum
1095 730 1148 778 est.

171 804 191 831 ‘⁴
204 800 305 856 Patres
319 799 434 865 deinde,
447 798 470 854 si
485 799 615 873 dignum,
630 799 679 872 qui
693 798 841 856 secundus
855 799 892 866 ab
906 797 1035 856 Romulo
1048 815 1149 856 nurne-

172 887 192 914 “
204 887 292 950 retur,
316 877 454 944 cremitis,
476 888 608 934 auctores
629 877 729 934 fient.''
769 877 856 934 Adeo
880 877 910 933 id
933 887 1049 952 gratum
1070 876 1149 953 plebi

162 956 235 1022 -suit,
256 967 295 1026 ut,
310 975 347 1012 ne
369 956 436 1012 victi
461 955 603 1013 beneficio
627 957 803 1022 viderentur,
825 956 855 1012 id
876 953 964 1012 modd
988 955 1151 1014 sciscerent

154 1039 156 1044 '
168 1035 369 1111 juberentque,
385 1045 417 1092 ut
430 1046 546 1092 senatus
560 1035 741 1109 decerneret,
755 1035 805 1109 qui
819 1034 924 1092 Romae
936 1038 1081 1112 regnaret.

272 1135 307 1180 ss

137 1203 162 1242 1⁰
209 1192 327 1250 XVIII.
350 1192 464 1268 Inclyta‘
483 1193 594 1269 justitia
615 1193 773 1270 religioque
799 1194 834 1250 ei
854 1201 1024 1269 tempestate
1038 1191 1147 1250 Numae

170 1269 302 1347 Pompilii
324 1282 394 1328 erat.
444 1272 570 1329 Curibus
593 1273 710 1330 Sabinis
737 1273 894 1346 habitabat,
916 1271 1146 1330 consultissimus

169 1349 221 1423 vir,
235 1361 267 1407 ut
288 1351 319 1407 in
342 1350 390 1407 ills
411 1352 561 1426 quisquam
585 1362 668 1409 aetate
681 1371 745 1408 esse
758 1362 878 1427 poterat,
893 1350 987 1408 omnis
1000 1350 1091 1408 divini
1105 1360 1147 1408 at·

168 1448 225 1502 que
239 1430 357 1486 humani
369 1430 450 1505 juris.
492 1431 652 1488 Auctorem
666 1431 805 1488 doctrinar
819 1431 892 1506 ejus,
899 1429 967 1503 quia
980 1449 1039 1488 non
1053 1440 1147 1486 exstat

169 1507 252 1575 alius,
266 1508 337 1565 falsd
352 1509 483 1565 Samium
496 1509 678 1584 Pythagoran
692 1510 800 1578 edunt3
821 1528 917 1582 quem,
933 1509 1033 1566 Servio
1045 1507 1146 1566 Tullio

135 1597 159 1638 tt
168 1597 312 1661 regnante
322 1587 439 1658 Romae,
451 1598 568 1642 centum
579 1587 699 1660 amplibs
709 1598 772 1661 post
786 1606 886 1652 annos,
899 1587 930 1642 in
943 1587 1044 1644 ultima
1054 1587 1146 1643 Italiae

167 1667 231 1732 ora,
246 1664 326 1721 circa
350 1664 550 1738 Metapontum
573 1665 803 1738 Heracleamque
816 1674 845 1720 et
859 1664 996 1730 Crotona,
1008 1665 1147 1739 juvenum

169 1743 370 1800 aemulantium
398 1742 493 1799 studia
520 1752 611 1798 coetus
639 1743 773 1798 habuisse
797 1750 917 1798 constat.
972 1741 1025 1798 Ex'
1044 1742 1148 1816 quibus

168 1820 249 1892 lociS,
265 1820 319 1878 etsi
334 1820 465 1896 ejusdem
490 1821 580 1877 aetatis
602 1821 712 1887 suisset,
728 1840 791 1895 quae
815 1820 934 1877 samaia
949 1820 1082 1894 Sabinos,
1097 1832 1147 1879 aut

172 1897 229 1974 quo'
242 1900 348 1974 linguae
373 1900 558 1970 commercio,
573 1918 745 1973 quemquam
760 1900 796 1954 ad
811 1899 998 1973 cupiditatem
1012 1899 1145 1978 discendi

135 1979 345 2046 mercivissetl
377 1996 467 2052 quove
490 1977 623 2052 praesidio
647 1996 723 2034 unus
743 1996 794 2052 per
815 1987 857 2034 tot
876 1988 989 2053 gentes,
1013 1979 1146 2039 dissonas

171 2075 306 2115 sermone
329 2057 520 2137 moribusque,
544 2057 743 2133 pervenissetl
785 2057 893 2130 Suopte
917 2057 1004 2134 igitur
1025 2057 1145 2134 ingenio

172 2145 361 2212 temperatum
389 2136 517 2192 animum
544 2129 694 2202 virtutibus
721 2135 809 2192 suisse
827 2135 927 2211 opinor
953 2137 1070 2211 magis3
1101 2137 1145 2194 iu-

172 2224 367 2288 strnctumque
391 2234 449 2271 non
475 2224 533 2271 tam
553 2214 714 2290 peregrinis
737 2214 856 2285 artibus,
879 2213 967 2290 quim
991 2214 1145 2290 disciplinis

173 2294 274 2352 tetrici
297 2312 330 2350 ac
354 2294 427 2350 tristi
451 2304 578 2350 veterum
603 2293 795 2362 Sabinorum3
824 2312 880 2366 quo
898 2312 1005 2370 genere
1032 2294 1145 2352 nullum

134 2392 162 2432 25
173 2373 315 2447 quondam
341 2373 536 2447 incorruptius
554 2372 615 2429 suit.
657 2372 768 2429 Audito
782 2373 899 2428 nomine
913 2371 943 2428 N
946 2392 1030 2440 uma,
1045 2373 1146 2430 Patres

171 2451 307 2527 Romani,
322 2471 496 2526 quamquam
519 2451 653 2508 inclinari
677 2469 746 2525 opes
767 2451 803 2507 ad
828 2450 1055 2526 Sabinos-rege
1076 2451 1145 2509 inde

172 2541 292 2606 sumpte,
317 2531 500 2596 videbantur,
524 2540 631 2596 tamen,
657 2548 751 2663 neqpe
776 2548 806 2584 se
827 2529 986 2602 quisquam,
1010 2547 1067 2602 neq
1087 2529 1147 2587 fac·

135 2602 257 2684 {nonis
270 2629 330 2666 suae
355 2609 456 2674 alium,
481 2611 538 2664 riec
561 2607 691 2681 denique
731 2616 823 2662 atrum
845 2616 894 2662 aut
917 2605 1023 2676 civium
1048 2625 1146 2682 quem·

136 2686 155 2768 ‘g
172 2708 257 2763 qnam
269 2689 404 2764 praeserre
427 2687 469 2744 illi
491 2686 551 2744 viro
575 2686 646 2753 ausi,
662 2685 699 2742 ad
721 2704 811 2742 unum
824 2702 926 2742 omnes
939 2684 970 2742 N
972 2703 1046 2743 urnae
1060 2685 1144 2745 Pom·

141 2781 155 2824 ⁴·
172 2767 240 2842 pilio
261 2787 391 2844 regnum.
405 2767 595 2824 deferendum
616 2766 787 2822 decernunt.
828 2764 961 2832 Aconas,
984 2765 1059 2824 sicut
1082 2766 1144 2825 Ro·

134 2873 155 2937 g·
171 2847 266 2904 mulus
279 2847 418 2922 auguratd
431 2847 503 2902 urbe
517 2843 670 2908 condendi
683 2863 805 2920 regnum
830 2845 950 2920 adeptus
974 2855 1028 2913 est,
1050 2846 1087 2904 de
1111 2867 1143 2906 se

140 2944 284 3000 equoque
302 2925 388 2981 Deos.
402 2925 514 2982 consuli
534 2925 638 3000 jussit:
659 2924 728 2981 inde
750 2923 786 2980 ab
807 2943 915 3000 augure
941 2922 1003 3000 (cui
1025 2925 1143 2993 deinde,

133 3015 161 3080 Ξ]
172 3003 290 3061 honoris
304 3004 382 3078 ergit,
395 3004 541 3078 publicum
566 3004 595 3061 id
618 3013 844 3079 perpetuumque
867 3003 1060 3062 sacerdotium
1073 3003 1142 3085 fuit)

172 3082 316 3140 deductus
339 3083 369 3140 in
385 3101 490 3156 arcem,
503 3083 534 3140 in
558 3083 652 3158 lapide
666 3084 702 3140 ad
724 3082 874 3140 meridiem
888 3101 987 3140 versus
1001 3084 1142 3143 consedit.

132 3161 277 3236 asAugnr
300 3162 336 3218 ad
360 3161 460 3219 laevam
484 3163 556 3238 ejus,
571 3163 665 3238 capite
689 3161 792 3230 velato,
817 3161 916 3218 sedem
940 3162 1027 3237 cepit,
1042 3163 1142 3221 dextri

171 3259 259 3298 manu
283 3241 419 3299 baculum
440 3242 503 3298 sine
525 3242 600 3298 nodo
624 3242 770 3298 aduncum
794 3252 907 3308 tenens,
929 3258 1014 3315 quem
1038 3241 1141 3302 lituum

170 3319 393 3396 appellaverunt.
445 3319 519 3378 Inde
540 3320 601 3392 ubi,
627 3331 780 3396 prospectu
804 3320 834 3376 in
857 3319 960 3377 urbem
984 3337 1141 3396 agrumque

169 3409 265 3473 capto,
287 3399 366 3456 Deos
390 3411 532 3475 precatus,
547 3399 680 3474 regiones
704 3399 740 3455 ab
763 3399 873 3456 oriente
888 3398 924 3455 ad
942 3417 1078 3458 occasum
1092 3400 1142 3456 de·

168 3475 350 3546 terminavit3
372 3478 486 3535 dextras
510 3477 546 3534 ad
570 3478 719 3535 meridiem
743 3488 848 3552 partes,
862 3477 947 3534 laevas
968 3477 1005 3533 ad
1019 3487 1143 3551 septem·
1223 3489 1230 3500 ‘

132 3557 293 3615 tottionem
316 3576 379 3614 esse
403 3557 483 3614 dixit.
525 3557 648 3632 Signum
672 3557 782 3629 contri,
804 3555 860 3630 qud
883 3554 1049 3628 longissime
1074 3567 1143 3606 con-

169 3646 301 3712 spectum
314 3636 391 3692 oculi
406 3636 546 3708 serebant,
559 3637 656 3692 animo
669 3635 770 3691 finivit.
811 3633 901 3697 Tum,
913 3631 984 3684 lituo
997 3629 1027 3681 in
1041 3626 1142 3707 laevam

169 3733 288 3776 manum
301 3714 450 3783 translato,
464 3715 562 3774 dextra
576 3715 608 3772 in
632 3723 719 3789 caput
732 3711 838 3769 Numae
853 3703 995 3780 imposita,
1008 3704 1143 3770 precatus
