2556 4314
454 349 561 403 LIBER
576 349 622 398 VI.
640 363 704 400 our.
720 362 803 398 xvrrr.
1058 348 1114 408 141

141 496 182 555 sci
200 494 323 554 crimine
337 493 415 566 belli,
437 493 621 584 captivosqqe
640 487 846 570 repetentibus,
869 500 903 549 ut
923 491 982 549 suis
1001 491 1115 584 legibus

140 577 170 635 in
193 595 243 634 eos
264 575 538 646 animaduerterent,
564 573 657 632 tristia
679 591 818 648 responsa
843 571 972 648 reddita3
992 568 1116 635 tristiora

140 656 261 729 colonis,
288 653 365 730 quod
392 654 472 712 eires
489 651 618 710 Romani
644 652 743 728 patriae
767 651 967 747 oppugpandae
991 651 1117 710 nefanda

139 735 282 794 consilia'
275 737 404 793 mlssent.
446 732 516 791 Non
530 742 668 811 negatum
682 732 777 806 itaque
791 730 902 788 tantum
926 730 962 787 de
976 731 1116 806 captivis3

118 816 190 873 ssed
196 813 251 914 A(in
264 834 320 890 quo
334 814 370 872 ab
384 812 471 872 sociis
485 822 582 870 tamen
600 811 841 890 temperaverunt)
857 809 1059 868 denuntiatum
1072 829 1116 868 se·

139 896 225 952 natds
246 893 350 961 verbis,
378 893 555 950 facesserent
581 909 700 966 propere
727 909 764 947 ex
787 890 876 962 Urbe,
901 889 937 946 ab
957 909 1007 948 ore
1032 901 1117 966 atque

138 974 231 1032 oculis
252 972 348 1063 populi
369 971 508 1044 Romani,
522 989 560 1028 ne
574 970 647 1026 nihil
668 988 719 1028 eos
743 936 924 1046 legationis
913 988 970 1047 Jus,
985 979 1115 1038 externo,

137 1070 195 1110 non
209 1053 276 1120 civi,
289 1061 495 1127 comparatum,
510 1057 629 1126 tegeret.

107 1213 293 1272 XVIII.
327 1213 569 1272 Recrudescente
597 1209 748 1270 Manliand
780 1211 930 1279 seditione,
953 1210 1007 1268 sub
1033 1209 1113 1270 exitu

107 1245 205 1386 {launi
233 1293 351 1352 comit'm
374 1294 483 1362 habita,
512 1293 658 1368 creatIque
684 1292 795 1350 tribuni
821 1291 945 1350 militum
968 1291 1114 1352 consulari

111 1359 275 1448 Ϊροιεεῑιιιθ
296 1392 333 1430 ex
354 1373 488 1431 Patribus
511 1372 573 1429 Ser.
593 1372 745 1430 tomellus
761 1367 971 1448 Maluginensis
984 1369 1113 1446 tertium,

117 1451 166 1509 P.
181 1451 318 1510 Valerius
342 1452 473 1510 Potitus'
466 1461 580 1528 iterum,
596 1451 638 1509 M.
653 1451 759 1509 Furius
773 1451 923 1518 Camillus,
940 1450 1003 1508 Ser.
1018 1449 1114 1526 Sulpi-

104 1511 198 1615 baius
221 1531 323 1590 Rufus
346 1532 461 1600 iterum,
483 1531 517 1590 C.
532 1531 666 1608 Papirius
688 1531 821 1622 Crassus,
835 1531 873 1588 T.
887 1529 1030 1591 Quintius
1044 1530 1114 1588 cin-

108 1602 121 1646 ‘3
107 1610 274 1704 „sinuatus
297 1612 489 1669 secunddm„
507 1611 600 1688 Cujus
624 1609 766 1687 principio
788 1610 858 1668 anni
881 1619 910 1666 et
931 1608 1064 1666 Patribus
1084 1620 1114 1668 et

102 1676 212 1766 Eplebi
228 1689 438 1766 peropportune
460 1700 578 1748 externa
598 1711 655 1767 pax
668 1690 754 1759 data3
775 1689 863 1766 plebi,
877 1687 963 1763 qudd,
977 1707 1036 1746 non
1050 1706 1115 1747 aro·

134 1778 199 1827 cata
213 1769 331 1828 delectu
334 1789 433 1846 ‚spem
448 1771 534 1846 cepit,
550 1771 619 1828 dum
633 1781 693 1828 tam
706 1779 853 1846 potentem
868 1768 987 1825 haberet
998 1768 1113 1837 ducem,

134 1847 253 1907 Ioenoris
277 1849 482 1926 expugnandi
474 1892 483 1920 ,
505 1850 648 1918 Patribus,
673 1869 711 1906 ne
725 1868 782 1924 quo
787 1858 914 1906 externo
928 1858 1035 1905 terrore
1051 1865 1115 1905 avo·

133 1939 271 1986 curentur
285 1929 374 1987 animi
394 1930 430 1986 ab
444 1930 581 1988 sanandis
595 1929 762 1987 domesticis
786 1928 877 1986 malis.
907 1927 1009 2004 Igitur,
1024 1945 1113 2002 quum

74 2039 81 2047 ·
133 2023 198 2083 pars
226 2018 346 2084 utraque
370 2009 462 2067 acrior
487 2007 633 2084 aliquantd
657 2019 755 2068 coorta
772 2018 858 2080 esset,
877 2007 907 2064 in
922 2005 1113 2082 propinquum

102 2096 287 2145 mcertarnen
308 2088 408 2146 aderat
420 2098 449 2145 et
462 2087 612 2149 Manlius..
641 2087 793 2146 Advocati
807 2088 923 2146 domum
933 2086 1028 2162 plebe,
1044 2105 1112 2145 curn

132 2166 317 2242 principibus
338 2168 536 2230 novandarum
557 2187 653 2226 rerum
677 2168 803 2225 interdiu
825 2177 971 2242 noctuque
991 2166 1112 2224 consilia

134 2246 235 2321 agitat,
249 2246 361 2322 plenior
385 2246 532 2322 aliquantd
555 2248 717 2306 animorum
738 2247 911 2321 irarumque,
926 2245 1012 2335 qudm
1026 2254 1113 2303 antea

132 2323 237 2382 luerat.
278 2325 357 2384 Iram
384 2326 594 2384 accenderat'
586 2326 746 2417 ignominia
769 2345 872 2384 recens
898 2325 929 2382 in
953 2323 1050 2382 animo
1074 2325 1111 2383 ad

133 2404 342 2462 contumeliam
367 2404 536 2479 inexperto:
557 2405 673 2480 spiritus
695 2405 791 2471 dabat,
806 2403 882 2478 qubd
896 2423 953 2461 nec
967 2422 1054 2460 ausus
1067 2422 1112 2461 es-

99 2493 176 2541 taset
202 2484 319 2541 idem'
311 2502 342 2540 m
369 2501 400 2538 se
424 2483 556 2549 dictator,
578 2483 682 2557 quod
675 2502 706 2539 ιιι
729 2483 777 2557 Sp.
802 2482 900 2538 Maelio
919 2481 1113 2540 Cincinnatus

131 2561 279 2624 Quintius
289 2561 422 2631 lecisset,
433 2570 463 2617 et
468 2560 648 2617 vinculorum
658 2579 774 2617 suorum
780 2560 918 2617 mvrdram
924 2578 983 2616 non
990 2559 1111 2618 dictator

132 2639 224 2700 modo
236 2640 400 2698 abdicando
414 2639 586 2697 dictaturam
602 2639 732 2716 fugisset,
744 2639 795 2696 sed
806 2658 844 2695 ne
863 2648 980 2695 senatus
995 2637 1112 2712 quidem

132 2721 277 2780 sustinere
290 2720 439 2796 potuisset.
482 2718 538 2776 His
553 2719 637 2776 simul
659 2717 775 2777 inflatus
786 2716 1063 2791 exacerbatusque,
1052 2736 1113 2795 Jam
1195 2783 1198 2788 ,

132 2817 182 2876 per
197 2819 231 2858 se
245 2819 385 2859 accensos
396 2798 537 2859 incitabat
546 2798 776 2874 plebisanimos:
770 2802 811 2830 ·“
822 2797 983 2872 Quousque
995 2798 1111 2856 tandem

101 2893 125 2934 ιι
134 2883 152 2912 “
164 2879 374 2960 ignorabitis
348 2898 422 2937 vires
436 2889 544 2936 vestras
547 2899 639 2954 ,quas
652 2888 756 2942 natura
768 2897 806 2936 ne
820 2877 930 2934 belluas
943 2875 1077 2952 quidem'
1069 2897 1112 2956 rg-

135 2967 154 2996 “
165 2978 269 3017 norare
285 2958 392 3017 voluitl
407 2969 557 3017 numerate
572 2959 682 3031 saltem,
696 2969 764 3034 quot
778 2958 831 3034 ipsi
846 2957 919 3030 sitis,-
932 2968 1000 3048 quot
1014 2959 1112 3017 adver·

135 3046 154 3074 ‘⁶
166 3038 258 3096 sarios
271 3037 408 3097 habeatis
431 3039 463 3096 Si
472 3038 578 3116 singuli
587 3006 721 3116 singulos
724 3057 886 3115 aggressuri
894 3037 1004 3110 essetis
1013 3047 1111 3096 tamen

135 3120 154 3148 “
166 3117 262 3175 acrids
276 3119 424 3176 crederem
437 3138 487 3176 vos
500 3139 551 3195 pro
564 3119 706 3210 libertate,
715 3137 804 3210 quam
815 3117 879 3176 illos
891 3137 943 3194 pro
957 3118 1111 3177 dominati·

136 3205 155 3233 “
166 3215 233 3265 one,
248 3209 414 3256 certaturos.
455 3197 539 3262 Quot
551 3199 629 3256 enim
645 3199 804 3256 clientes
778 3217 858 3257 circa
877 3197 1005 3288 singulos
1019 3197 1112 3256 fuistis

102 3293 126 3334 rs
136 3278 154 3306 “
162 3285 306 3350 patronos
312 3288 362 3336 tot
372 3297 452 3336 nunc
467 3279 603 3335 adversus
615 3297 706 3336 unum
717 3279 829 3336 hostem
843 3276 931 3335 eritis.
954 3277 1109 3354 Ostendite

136 3362 155 3390 ‘¹
167 3355 254 3413 modb
268 3355 394 3426 bellum;
415 3376 518 3432 paoem
539 3357 690 3414 habebitis.
722 3356 850 3415 Videant
868 3375 917 3414 vos
935 3347 1049 3432 paratos
1073 3355 1110 3412 ad

136 3437 155 3465 “
165 3433 246 3503 vim3
266 3435 313 3509 jus
327 3435 381 3510 ipsl
394 3435 549 3493 remittent.
591 3435 770 3494 Audendum
784 3447 827 3494 est
838 3435 945 3511 aliquid
960 3433 1110 3502 universis,

135 3513 155 3542 “
166 3521 218 3568 aut
227 3513 325 3568 omnia
335 3513 457 3589 singulis
466 3514 610 3588 patienda.
631 3515 792 3592 Quousque
803 3535 850 3573 me
857 3509 1111 3588 circumspectabr

136 3597 155 3626 “
164 3588 227 3646 tist
248 3589 312 3666 Ego
326 3591 443 3667 quidem
456 3593 528 3649 nulli
539 3595 662 3651 vestrum
676 3596 782 3653 deero:
803 3613 841 3652 ne
856 3593 968 3650 fortuna
983 3607 1053 3648 mea
1061 3587 1111 3644 de·

101 3685 125 3726 ιι
135 3672 154 3700 “
163 3667 210 3736 sit,
222 3669 325 3727 ridete.
347 3669 414 3746 Ipse
425 3670 531 3729 vindex
541 3683 643 3763 vester,
653 3675 736 3731 ubi'
712 3693 804 3731 visum
813 3669 939 3729 inimicis
949 3677 1002 3734 est,
1015 3665 1112 3722 nullus

136 3747 287 3822 “repente
302 3748 360 3807 fui:
382 3759 411 3808 et
429 3750 568 3809 vidistis'
560 3771 590 3810 m
617 3753 731 3810 vincula
745 3751 814 3809 duci
827 3745 955 3805 universi
969 3763 1047 3835 eum,
1062 3743 1110 3820 qui

137 3830 183 3884 “a
196 3826 316 3908 singulis
329 3829 409 3889 vobis
430 3830 545 3890 viuculo
558 3831 746 3909 depuleram.
774 3827 857 3889 Quid
871 3841 995 3898 sperem,
1009 3843 1034 3882 sr
1025 3823 1111 3900 plus
