<?xml version="1.0" encoding="UTF-8"?>
<!DOCTYPE html PUBLIC "-//W3C//DTD XHTML 1.0 Transitional//EN"
    "http://www.w3.org/TR/xhtml1/DTD/xhtml1-transitional.dtd">
<html xmlns="http://www.w3.org/1999/xhtml" xml:lang="en" lang="en">
 <head>
  <title>
</title>
<meta http-equiv="Content-Type" content="text/html;charset=utf-8" />
  <meta name='ocr-system' content='tesseract 3.04.00' />
  <meta name='ocr-capabilities' content='ocr_page ocr_carea ocr_par ocr_line ocrx_word'/>
</head>
<body>
  <div class='ocr_page' id='page_1' title='image "./historiarumetse03livygoog_0143.png"; bbox 0 0 2556 4314; ppageno 0'>
   <div class='ocr_carea' id='block_1_1' title="bbox 150 308 726 369">
    <p class='ocr_par' dir='ltr' id='par_1_1' title="bbox 150 308 726 369">
     <span class='ocr_line' id='line_1_1' title="bbox 150 308 726 369; baseline -0.002 -10"><span class='ocrx_word' id='word_1_1' title='bbox 150 308 208 369; x_wconf 77' lang='lat'>132</span> <span class='ocrx_word' id='word_1_2' title='bbox 416 309 420 318; x_wconf 94' lang='lat'>&#39;</span> <span class='ocrx_word' id='word_1_3' title='bbox 551 309 622 358; x_wconf 87' lang='grc' dir='ltr'>ΤΙΤΙ</span> <span class='ocrx_word' id='word_1_4' title='bbox 639 308 726 359; x_wconf 86' lang='lat' dir='ltr'>LlVll</span> 
     </span>
    </p>
   </div>
   <div class='ocr_carea' id='block_1_2' title="bbox 100 450 1165 3384">
    <p class='ocr_par' dir='ltr' id='par_1_2' title="bbox 100 450 1165 3384">
     <span class='ocr_line' id='line_1_2' title="bbox 149 450 1126 530; baseline 0.004 -20"><span class='ocrx_word' id='word_1_5' title='bbox 149 452 260 511; x_wconf 82' lang='lat' dir='ltr'>“rinar</span> <span class='ocrx_word' id='word_1_6' title='bbox 282 451 390 528; x_wconf 80' lang='lat' dir='ltr'>suscipi</span> <span class='ocrx_word' id='word_1_7' title='bbox 416 453 529 528; x_wconf 79' lang='lat' dir='ltr'>potasti</span> <span class='ocrx_word' id='word_1_8' title='bbox 568 450 713 513; x_wconf 74' lang='lat' dir='ltr'>Quidue</span> <span class='ocrx_word' id='word_1_9' title='bbox 737 450 852 510; x_wconf 79' lang='lat' dir='ltr'>eternis</span> <span class='ocrx_word' id='word_1_10' title='bbox 874 450 971 509; x_wconf 78' lang='lat' dir='ltr'>Veste</span> <span class='ocrx_word' id='word_1_11' title='bbox 998 453 1126 530; x_wconf 86' lang='lat' dir='ltr'>ignibus,</span> 
     </span>
     <span class='ocr_line' id='line_1_3' title="bbox 149 529 1129 608; baseline 0.003 -18"><span class='ocrx_word' id='word_1_12' title='bbox 149 535 169 566; x_wconf 76' lang='lat'>‘⁸</span> <span class='ocrx_word' id='word_1_13' title='bbox 177 532 327 608; x_wconf 85' lang='lat' dir='ltr'>signoque,</span> <span class='ocrx_word' id='word_1_14' title='bbox 349 532 425 606; x_wconf 90' lang='lat' dir='ltr'>quod</span> <span class='ocrx_word' id='word_1_15' title='bbox 447 529 561 606; x_wconf 86' lang='lat' dir='ltr'>imperii</span> <span class='ocrx_word' id='word_1_16' title='bbox 582 531 688 608; x_wconf 88' lang='lat' dir='ltr'>pignus</span> <span class='ocrx_word' id='word_1_17' title='bbox 712 530 843 590; x_wconf 78' lang='lat' dir='ltr'>custodis</span> <span class='ocrx_word' id='word_1_18' title='bbox 856 531 920 607; x_wconf 88' lang='lat' dir='ltr'>ejus</span> <span class='ocrx_word' id='word_1_19' title='bbox 933 533 1032 608; x_wconf 89' lang='lat' dir='ltr'>templi</span> <span class='ocrx_word' id='word_1_20' title='bbox 1046 546 1129 592; x_wconf 87' lang='lat' dir='ltr'>tene·</span> 
     </span>
     <span class='ocr_line' id='line_1_4' title="bbox 150 608 1128 685; baseline 0.003 -17"><span class='ocrx_word' id='word_1_21' title='bbox 150 621 169 648; x_wconf 89' lang='lat'>“</span> <span class='ocrx_word' id='word_1_22' title='bbox 180 620 237 684; x_wconf 92' lang='lat' dir='ltr'>tur,</span> <span class='ocrx_word' id='word_1_23' title='bbox 257 611 376 685; x_wconf 82' lang='lat' dir='ltr'>loquarl</span> <span class='ocrx_word' id='word_1_24' title='bbox 397 610 465 685; x_wconf 91' lang='lat' dir='ltr'>quid</span> <span class='ocrx_word' id='word_1_25' title='bbox 490 611 527 668; x_wconf 87' lang='lat' dir='ltr'>de</span> <span class='ocrx_word' id='word_1_26' title='bbox 551 610 694 670; x_wconf 77' lang='lat' dir='ltr'>ancilibus</span> <span class='ocrx_word' id='word_1_27' title='bbox 713 610 823 682; x_wconf 88' lang='lat' dir='ltr'>vestris,</span> <span class='ocrx_word' id='word_1_28' title='bbox 838 608 919 667; x_wconf 90' lang='lat' dir='ltr'>Mars</span> <span class='ocrx_word' id='word_1_29' title='bbox 932 610 1067 680; x_wconf 88' lang='lat' dir='ltr'>Gradive,</span> <span class='ocrx_word' id='word_1_30' title='bbox 1082 623 1128 671; x_wconf 90' lang='lat' dir='ltr'>tu·</span> 
     </span>
     <span class='ocr_line' id='line_1_5' title="bbox 149 688 1127 766; baseline 0.004 -20"><span class='ocrx_word' id='word_1_31' title='bbox 149 693 168 722; x_wconf 87' lang='lat'>“</span> <span class='ocrx_word' id='word_1_32' title='bbox 179 709 235 766; x_wconf 91' lang='lat' dir='ltr'>que</span> <span class='ocrx_word' id='word_1_33' title='bbox 255 688 382 751; x_wconf 80' lang='lat' dir='ltr'>Quirine</span> <span class='ocrx_word' id='word_1_34' title='bbox 402 691 504 765; x_wconf 81' lang='lat' dir='ltr'>pateri</span> <span class='ocrx_word' id='word_1_35' title='bbox 526 690 589 747; x_wconf 82' lang='lat' dir='ltr'>haec</span> <span class='ocrx_word' id='word_1_36' title='bbox 612 689 710 748; x_wconf 90' lang='lat' dir='ltr'>omnia</span> <span class='ocrx_word' id='word_1_37' title='bbox 733 689 764 746; x_wconf 92' lang='lat' dir='ltr'>in</span> <span class='ocrx_word' id='word_1_38' title='bbox 782 688 902 765; x_wconf 88' lang='lat' dir='ltr'>profano</span> <span class='ocrx_word' id='word_1_39' title='bbox 923 690 1017 748; x_wconf 87' lang='lat' dir='ltr'>deseri</span> <span class='ocrx_word' id='word_1_40' title='bbox 1032 691 1127 766; x_wconf 85' lang='lat' dir='ltr'>placet</span> 
     </span>
     <span class='ocr_line' id='line_1_6' title="bbox 149 767 1164 844; baseline 0 -18"><span class='ocrx_word' id='word_1_41' title='bbox 149 777 270 837; x_wconf 85' lang='lat' dir='ltr'>“sacra,</span> <span class='ocrx_word' id='word_1_42' title='bbox 293 769 413 844; x_wconf 79' lang='lat' dir='ltr'>aqualia</span> <span class='ocrx_word' id='word_1_43' title='bbox 437 767 511 842; x_wconf 90' lang='lat' dir='ltr'>urbi,</span> <span class='ocrx_word' id='word_1_44' title='bbox 544 770 676 844; x_wconf 79' lang='lat' dir='ltr'>quedam</span> <span class='ocrx_word' id='word_1_45' title='bbox 700 769 855 827; x_wconf 89' lang='lat' dir='ltr'>vetustiora</span> <span class='ocrx_word' id='word_1_46' title='bbox 881 769 993 844; x_wconf 88' lang='lat' dir='ltr'>origine</span> <span class='ocrx_word' id='word_1_47' title='bbox 1022 771 1125 828; x_wconf 80' lang='lat' dir='ltr'>urbisi</span> <span class='ocrx_word' id='word_1_48' title='bbox 1150 787 1164 826; x_wconf 83' lang='lat' dir='ltr'>s</span> 
     </span>
     <span class='ocr_line' id='line_1_7' title="bbox 149 847 1126 925; baseline 0.002 -19"><span class='ocrx_word' id='word_1_49' title='bbox 149 856 168 884; x_wconf 77' lang='lat'>‘⁴</span> <span class='ocrx_word' id='word_1_50' title='bbox 180 847 219 906; x_wconf 84' lang='lat' dir='ltr'>Et</span> <span class='ocrx_word' id='word_1_51' title='bbox 233 849 339 916; x_wconf 83' lang='lat' dir='ltr'>videte,</span> <span class='ocrx_word' id='word_1_52' title='bbox 363 847 430 923; x_wconf 90' lang='lat' dir='ltr'>quid</span> <span class='ocrx_word' id='word_1_53' title='bbox 453 847 528 905; x_wconf 88' lang='lat' dir='ltr'>iuter</span> <span class='ocrx_word' id='word_1_54' title='bbox 549 866 603 909; x_wconf 88' lang='lat' dir='ltr'>nos</span> <span class='ocrx_word' id='word_1_55' title='bbox 626 867 661 905; x_wconf 87' lang='lat' dir='ltr'>ac</span> <span class='ocrx_word' id='word_1_56' title='bbox 675 848 797 925; x_wconf 87' lang='lat' dir='ltr'>majores</span> <span class='ocrx_word' id='word_1_57' title='bbox 818 847 938 905; x_wconf 89' lang='lat' dir='ltr'>intersit.</span> <span class='ocrx_word' id='word_1_58' title='bbox 981 848 1029 906; x_wconf 94' lang='lat' dir='ltr'>Illi</span> <span class='ocrx_word' id='word_1_59' title='bbox 1042 869 1126 908; x_wconf 91' lang='lat' dir='ltr'>sacra</span> 
     </span>
     <span class='ocr_line' id='line_1_8' title="bbox 148 927 1165 1002; baseline -0.003 -17"><span class='ocrx_word' id='word_1_60' title='bbox 148 929 307 1002; x_wconf 79' lang='lat' dir='ltr'>“quedam</span> <span class='ocrx_word' id='word_1_61' title='bbox 321 928 352 986; x_wconf 93' lang='lat' dir='ltr'>iu</span> <span class='ocrx_word' id='word_1_62' title='bbox 373 938 471 987; x_wconf 86' lang='lat' dir='ltr'>monte</span> <span class='ocrx_word' id='word_1_63' title='bbox 494 927 611 985; x_wconf 89' lang='lat' dir='ltr'>Albano</span> <span class='ocrx_word' id='word_1_64' title='bbox 624 927 802 1002; x_wconf 87' lang='lat' dir='ltr'>Lavinioque</span> <span class='ocrx_word' id='word_1_65' title='bbox 817 927 900 984; x_wconf 89' lang='lat' dir='ltr'>nobis</span> <span class='ocrx_word' id='word_1_66' title='bbox 914 927 1049 986; x_wconf 84' lang='lat' dir='ltr'>iacienda</span> <span class='ocrx_word' id='word_1_67' title='bbox 1070 939 1126 987; x_wconf 86' lang='lat' dir='ltr'>tra·</span> <span class='ocrx_word' id='word_1_68' title='bbox 1159 969 1165 982; x_wconf 86' lang='lat'><em>‚</em></span> 
     </span>
     <span class='ocr_line' id='line_1_9' title="bbox 149 1005 1126 1066; baseline 0.002 -2"><span class='ocrx_word' id='word_1_69' title='bbox 149 1010 167 1038; x_wconf 80' lang='lat'>‘⁴</span> <span class='ocrx_word' id='word_1_70' title='bbox 179 1007 323 1065; x_wconf 88' lang='lat' dir='ltr'>diderunt.</span> <span class='ocrx_word' id='word_1_71' title='bbox 365 1008 415 1063; x_wconf 91' lang='lat' dir='ltr'>An</span> <span class='ocrx_word' id='word_1_72' title='bbox 436 1025 473 1063; x_wconf 85' lang='lat' dir='ltr'>ex</span> <span class='ocrx_word' id='word_1_73' title='bbox 494 1006 619 1064; x_wconf 88' lang='lat' dir='ltr'>hostium</span> <span class='ocrx_word' id='word_1_74' title='bbox 641 1006 761 1064; x_wconf 89' lang='lat' dir='ltr'>urbibus</span> <span class='ocrx_word' id='word_1_75' title='bbox 775 1005 902 1066; x_wconf 80' lang='lat' dir='ltr'>Romam</span> <span class='ocrx_word' id='word_1_76' title='bbox 917 1007 953 1064; x_wconf 91' lang='lat' dir='ltr'>ad</span> <span class='ocrx_word' id='word_1_77' title='bbox 968 1026 1020 1064; x_wconf 89' lang='lat' dir='ltr'>nos</span> <span class='ocrx_word' id='word_1_78' title='bbox 1034 1018 1126 1066; x_wconf 87' lang='lat' dir='ltr'>trans·</span> 
     </span>
     <span class='ocr_line' id='line_1_10' title="bbox 148 1085 1125 1162; baseline 0.002 -19"><span class='ocrx_word' id='word_1_79' title='bbox 148 1095 168 1123; x_wconf 79' lang='lat'>‘⁴</span> <span class='ocrx_word' id='word_1_80' title='bbox 181 1086 247 1144; x_wconf 84' lang='lat' dir='ltr'>ferri</span> <span class='ocrx_word' id='word_1_81' title='bbox 261 1104 344 1144; x_wconf 90' lang='lat' dir='ltr'>sacra</span> <span class='ocrx_word' id='word_1_82' title='bbox 356 1085 522 1162; x_wconf 88' lang='lat' dir='ltr'>religiosum</span> <span class='ocrx_word' id='word_1_83' title='bbox 544 1085 616 1143; x_wconf 77' lang='lat' dir='ltr'>fuit:</span> <span class='ocrx_word' id='word_1_84' title='bbox 638 1086 708 1144; x_wconf 87' lang='lat' dir='ltr'>hinc</span> <span class='ocrx_word' id='word_1_85' title='bbox 729 1085 792 1143; x_wconf 89' lang='lat' dir='ltr'>sine</span> <span class='ocrx_word' id='word_1_86' title='bbox 812 1085 928 1161; x_wconf 86' lang='lat' dir='ltr'>piaculo</span> <span class='ocrx_word' id='word_1_87' title='bbox 939 1086 978 1143; x_wconf 87' lang='lat' dir='ltr'>&#39;in</span> <span class='ocrx_word' id='word_1_88' title='bbox 998 1087 1125 1145; x_wconf 91' lang='lat' dir='ltr'>hostium</span> 
     </span>
     <span class='ocr_line' id='line_1_11' title="bbox 148 1164 1163 1242; baseline 0 -20"><span class='ocrx_word' id='word_1_89' title='bbox 148 1166 291 1234; x_wconf 72' lang='lat' dir='ltr'>“urbem</span> <span class='ocrx_word' id='word_1_90' title='bbox 314 1164 413 1242; x_wconf 92' lang='lat' dir='ltr'>Vejos‚</span> <span class='ocrx_word' id='word_1_91' title='bbox 437 1165 666 1222; x_wconf 82' lang='lat' dir='ltr'>transferemusl</span> <span class='ocrx_word' id='word_1_92' title='bbox 719 1164 941 1238; x_wconf 88' lang='lat' dir='ltr'>Recordamini,</span> <span class='ocrx_word' id='word_1_93' title='bbox 964 1166 1125 1242; x_wconf 83' lang='lat' dir='ltr'>agitedum,</span> <span class='ocrx_word' id='word_1_94' title='bbox 1138 1183 1163 1223; x_wconf 89' lang='lat' dir='ltr'>ro</span> 
     </span>
     <span class='ocr_line' id='line_1_12' title="bbox 144 1244 1125 1323; baseline 0.001 -22"><span class='ocrx_word' id='word_1_95' title='bbox 144 1247 166 1278; x_wconf 87' lang='lat'>·“</span> <span class='ocrx_word' id='word_1_96' title='bbox 175 1245 287 1319; x_wconf 91' lang='lat' dir='ltr'>quoties</span> <span class='ocrx_word' id='word_1_97' title='bbox 300 1263 382 1303; x_wconf 87' lang='lat' dir='ltr'>sacra</span> <span class='ocrx_word' id='word_1_98' title='bbox 396 1245 600 1318; x_wconf 80' lang='lat' dir='ltr'>instaurentur,</span> <span class='ocrx_word' id='word_1_99' title='bbox 614 1244 682 1320; x_wconf 89' lang='lat' dir='ltr'>quia</span> <span class='ocrx_word' id='word_1_100' title='bbox 702 1244 809 1320; x_wconf 90' lang='lat' dir='ltr'>aliquid</span> <span class='ocrx_word' id='word_1_101' title='bbox 824 1263 862 1301; x_wconf 85' lang='lat' dir='ltr'>ex</span> <span class='ocrx_word' id='word_1_102' title='bbox 876 1245 967 1320; x_wconf 92' lang='lat' dir='ltr'>patrio</span> <span class='ocrx_word' id='word_1_103' title='bbox 981 1245 1037 1302; x_wconf 90' lang='lat' dir='ltr'>ritu</span> <span class='ocrx_word' id='word_1_104' title='bbox 1052 1265 1125 1323; x_wconf 89' lang='lat' dir='ltr'>neg·</span> 
     </span>
     <span class='ocr_line' id='line_1_13' title="bbox 148 1322 1124 1401; baseline 0.003 -21"><span class='ocrx_word' id='word_1_105' title='bbox 148 1327 167 1355; x_wconf 87' lang='lat'><strong>“</strong></span> <span class='ocrx_word' id='word_1_106' title='bbox 175 1323 284 1400; x_wconf 70' lang='lat' dir='ltr'>ligeriti</span> <span class='ocrx_word' id='word_1_107' title='bbox 307 1342 412 1392; x_wconf 82' lang='lat' dir='ltr'>casuve</span> <span class='ocrx_word' id='word_1_108' title='bbox 434 1323 656 1400; x_wconf 87' lang='lat' dir='ltr'>praetermissum</span> <span class='ocrx_word' id='word_1_109' title='bbox 676 1333 729 1382; x_wconf 88' lang='lat' dir='ltr'>est.</span> <span class='ocrx_word' id='word_1_110' title='bbox 778 1322 868 1382; x_wconf 76' lang='lat' dir='ltr'>Modo</span> <span class='ocrx_word' id='word_1_111' title='bbox 889 1343 952 1400; x_wconf 83' lang='lat' dir='ltr'>quae</span> <span class='ocrx_word' id='word_1_112' title='bbox 974 1343 1030 1393; x_wconf 87' lang='lat' dir='ltr'>res,</span> <span class='ocrx_word' id='word_1_113' title='bbox 1058 1335 1124 1401; x_wconf 88' lang='lat' dir='ltr'>post</span> 
     </span>
     <span class='ocr_line' id='line_1_14' title="bbox 147 1403 1124 1482; baseline 0.003 -22"><span class='ocrx_word' id='word_1_114' title='bbox 147 1403 340 1480; x_wconf 88' lang='lat' dir='ltr'>“prodigium</span> <span class='ocrx_word' id='word_1_115' title='bbox 354 1403 462 1460; x_wconf 89' lang='lat' dir='ltr'>Albani</span> <span class='ocrx_word' id='word_1_116' title='bbox 476 1403 564 1470; x_wconf 71' lang='lat' dir='ltr'>lactis,</span> <span class='ocrx_word' id='word_1_117' title='bbox 579 1403 636 1460; x_wconf 90' lang='lat' dir='ltr'>nisi</span> <span class='ocrx_word' id='word_1_118' title='bbox 650 1403 659 1460; x_wconf 96' lang='lat' dir='ltr'>i</span> <span class='ocrx_word' id='word_1_119' title='bbox 681 1403 818 1482; x_wconf 60' lang='lat' dir='ltr'>stauistio</span> <span class='ocrx_word' id='word_1_120' title='bbox 839 1422 986 1461; x_wconf 86' lang='lat' dir='ltr'>sacrorum</span> <span class='ocrx_word' id='word_1_121' title='bbox 1001 1405 1124 1480; x_wconf 90' lang='lat' dir='ltr'>auspici·</span> 
     </span>
     <span class='ocr_line' id='line_1_15' title="bbox 147 1422 1123 1559; baseline -0.003 -16"><span class='ocrx_word' id='word_1_122' title='bbox 147 1489 317 1558; x_wconf 89' lang='lat' dir='ltr'>“orumque</span> <span class='ocrx_word' id='word_1_123' title='bbox 338 1482 494 1554; x_wconf 84' lang='lat' dir='ltr'>renovatio,</span> <span class='ocrx_word' id='word_1_124' title='bbox 516 1481 627 1540; x_wconf 86' lang='lat' dir='ltr'>affectae</span> <span class='ocrx_word' id='word_1_125' title='bbox 650 1422 768 1559; x_wconf 49' lang='lat' dir='ltr'>lejenti</span> <span class='ocrx_word' id='word_1_126' title='bbox 792 1483 867 1541; x_wconf 89' lang='lat' dir='ltr'>bello</span> <span class='ocrx_word' id='word_1_127' title='bbox 891 1483 1057 1559; x_wconf 82' lang='lat' dir='ltr'>reipublioae</span> <span class='ocrx_word' id='word_1_128' title='bbox 1078 1502 1123 1540; x_wconf 88' lang='lat' dir='ltr'>re·</span> 
     </span>
     <span class='ocr_line' id='line_1_16' title="bbox 147 1561 1159 1640; baseline -0.004 -20"><span class='ocrx_word' id='word_1_129' title='bbox 147 1561 274 1620; x_wconf 88' lang='lat' dir='ltr'>“medio</span> <span class='ocrx_word' id='word_1_130' title='bbox 295 1561 371 1619; x_wconf 81' lang='lat' dir='ltr'>fuiti</span> <span class='ocrx_word' id='word_1_131' title='bbox 425 1562 466 1618; x_wconf 87' lang='lat' dir='ltr'>At</span> <span class='ocrx_word' id='word_1_132' title='bbox 492 1561 589 1632; x_wconf 88' lang='lat' dir='ltr'>etiam,</span> <span class='ocrx_word' id='word_1_133' title='bbox 616 1572 762 1636; x_wconf 89' lang='lat' dir='ltr'>tamquam</span> <span class='ocrx_word' id='word_1_134' title='bbox 793 1573 922 1620; x_wconf 91' lang='lat' dir='ltr'>veterum</span> <span class='ocrx_word' id='word_1_135' title='bbox 949 1562 1122 1640; x_wconf 87' lang='lat' dir='ltr'>religionum</span> <span class='ocrx_word' id='word_1_136' title='bbox 1135 1578 1159 1617; x_wconf 84' lang='lat'>15</span> 
     </span>
     <span class='ocr_line' id='line_1_17' title="bbox 148 1640 1122 1716; baseline 0.002 -20"><span class='ocrx_word' id='word_1_137' title='bbox 148 1649 166 1675; x_wconf 77' lang='lat'>‘⁴</span> <span class='ocrx_word' id='word_1_138' title='bbox 179 1658 330 1713; x_wconf 88' lang='lat' dir='ltr'>memores,</span> <span class='ocrx_word' id='word_1_139' title='bbox 352 1652 382 1698; x_wconf 90' lang='lat' dir='ltr'>et</span> <span class='ocrx_word' id='word_1_140' title='bbox 394 1641 560 1716; x_wconf 85' lang='lat' dir='ltr'>peregrinos</span> <span class='ocrx_word' id='word_1_141' title='bbox 581 1640 660 1699; x_wconf 90' lang='lat' dir='ltr'>Deos</span> <span class='ocrx_word' id='word_1_142' title='bbox 673 1641 871 1698; x_wconf 84' lang='lat' dir='ltr'>transtulimus</span> <span class='ocrx_word' id='word_1_143' title='bbox 885 1642 1022 1715; x_wconf 87' lang='lat' dir='ltr'>Romam,</span> <span class='ocrx_word' id='word_1_144' title='bbox 1036 1652 1066 1698; x_wconf 90' lang='lat' dir='ltr'>et</span> <span class='ocrx_word' id='word_1_145' title='bbox 1079 1642 1122 1698; x_wconf 91' lang='lat' dir='ltr'>in-</span> 
     </span>
     <span class='ocr_line' id='line_1_18' title="bbox 102 1718 1122 1796; baseline 0.001 -19"><span class='ocrx_word' id='word_1_146' title='bbox 102 1719 112 1741; x_wconf 57' lang='lat'><em>*</em></span> <span class='ocrx_word' id='word_1_147' title='bbox 146 1726 166 1755; x_wconf 87' lang='lat'>“</span> <span class='ocrx_word' id='word_1_148' title='bbox 178 1719 322 1777; x_wconf 90' lang='lat' dir='ltr'>stituimus</span> <span class='ocrx_word' id='word_1_149' title='bbox 335 1739 432 1779; x_wconf 87' lang='lat' dir='ltr'>novos.</span> <span class='ocrx_word' id='word_1_150' title='bbox 473 1718 694 1796; x_wconf 64' lang='lat' dir='ltr'>Juno,Regina,</span> <span class='ocrx_word' id='word_1_151' title='bbox 708 1731 872 1778; x_wconf 85' lang='lat' dir='ltr'>transvecta</span> <span class='ocrx_word' id='word_1_152' title='bbox 886 1739 903 1778; x_wconf 91' lang='lat' dir='ltr'>a</span> <span class='ocrx_word' id='word_1_153' title='bbox 924 1720 1014 1796; x_wconf 86' lang='lat' dir='ltr'>Vejis‚</span> <span class='ocrx_word' id='word_1_154' title='bbox 1029 1739 1122 1796; x_wconf 89' lang='lat' dir='ltr'>nuper</span> 
     </span>
     <span class='ocr_line' id='line_1_19' title="bbox 147 1797 1122 1875; baseline 0 -19"><span class='ocrx_word' id='word_1_155' title='bbox 147 1806 166 1835; x_wconf 89' lang='lat'>“</span> <span class='ocrx_word' id='word_1_156' title='bbox 178 1797 209 1856; x_wconf 92' lang='lat' dir='ltr'>in</span> <span class='ocrx_word' id='word_1_157' title='bbox 233 1799 380 1856; x_wconf 89' lang='lat' dir='ltr'>Aventino</span> <span class='ocrx_word' id='word_1_158' title='bbox 403 1797 489 1873; x_wconf 71' lang='lat' dir='ltr'>quam</span> <span class='ocrx_word' id='word_1_159' title='bbox 503 1798 611 1875; x_wconf 88' lang='lat' dir='ltr'>insigni</span> <span class='ocrx_word' id='word_1_160' title='bbox 624 1799 662 1856; x_wconf 95' lang='lat' dir='ltr'>ob</span> <span class='ocrx_word' id='word_1_161' title='bbox 685 1800 832 1856; x_wconf 84' lang='lat' dir='ltr'>excellens</span> <span class='ocrx_word' id='word_1_162' title='bbox 854 1809 1045 1856; x_wconf 86' lang='lat' dir='ltr'>matronarum</span> <span class='ocrx_word' id='word_1_163' title='bbox 1060 1810 1122 1856; x_wconf 89' lang='lat' dir='ltr'>stu-</span> 
     </span>
     <span class='ocr_line' id='line_1_20' title="bbox 146 1877 1119 1955; baseline 0 -20"><span class='ocrx_word' id='word_1_164' title='bbox 146 1877 257 1937; x_wconf 91' lang='lat' dir='ltr'>“dium</span> <span class='ocrx_word' id='word_1_165' title='bbox 272 1879 435 1953; x_wconf 77' lang='lat' dir='ltr'>celebrique</span> <span class='ocrx_word' id='word_1_166' title='bbox 450 1878 584 1936; x_wconf 89' lang='lat' dir='ltr'>dedicata</span> <span class='ocrx_word' id='word_1_167' title='bbox 596 1889 641 1935; x_wconf 89' lang='lat' dir='ltr'>est</span> <span class='ocrx_word' id='word_1_168' title='bbox 654 1877 722 1936; x_wconf 86' lang='lat' dir='ltr'>diei</span> <span class='ocrx_word' id='word_1_169' title='bbox 763 1878 820 1955; x_wconf 87' lang='lat' dir='ltr'>Ajo</span> <span class='ocrx_word' id='word_1_170' title='bbox 834 1878 954 1938; x_wconf 91' lang='lat' dir='ltr'>Locutio</span> <span class='ocrx_word' id='word_1_171' title='bbox 968 1878 1119 1954; x_wconf 88' lang='lat' dir='ltr'>templum,</span> 
     </span>
     <span class='ocr_line' id='line_1_21' title="bbox 146 1957 1158 2033; baseline 0.001 -19"><span class='ocrx_word' id='word_1_172' title='bbox 146 1964 291 2033; x_wconf 88' lang='lat' dir='ltr'>“propter</span> <span class='ocrx_word' id='word_1_173' title='bbox 305 1958 452 2015; x_wconf 78' lang='lat' dir='ltr'>coelestem</span> <span class='ocrx_word' id='word_1_174' title='bbox 476 1976 575 2015; x_wconf 84' lang='lat' dir='ltr'>vocem</span> <span class='ocrx_word' id='word_1_175' title='bbox 589 1957 753 2015; x_wconf 82' lang='lat' dir='ltr'>exauditam</span> <span class='ocrx_word' id='word_1_176' title='bbox 774 1959 804 2015; x_wconf 93' lang='lat' dir='ltr'>in</span> <span class='ocrx_word' id='word_1_177' title='bbox 818 1958 900 2022; x_wconf 74' lang='lat' dir='ltr'>Novi</span> <span class='ocrx_word' id='word_1_178' title='bbox 914 1957 969 2025; x_wconf 77' lang='lat' dir='ltr'>viri,</span> <span class='ocrx_word' id='word_1_179' title='bbox 980 1957 1121 2033; x_wconf 82' lang='lat' dir='ltr'>jussimus</span> <span class='ocrx_word' id='word_1_180' title='bbox 1131 1974 1158 2014; x_wconf 79' lang='lat' dir='ltr'>ao</span> 
     </span>
     <span class='ocr_line' id='line_1_22' title="bbox 146 2035 1121 2112; baseline 0.002 -20"><span class='ocrx_word' id='word_1_181' title='bbox 146 2043 165 2072; x_wconf 77' lang='lat'>⁸⁶</span> <span class='ocrx_word' id='word_1_182' title='bbox 174 2035 252 2093; x_wconf 88' lang='lat' dir='ltr'>fieri:</span> <span class='ocrx_word' id='word_1_183' title='bbox 275 2035 454 2112; x_wconf 86' lang='lat' dir='ltr'>Capitolinos</span> <span class='ocrx_word' id='word_1_184' title='bbox 467 2036 550 2096; x_wconf 89' lang='lat' dir='ltr'>ludos</span> <span class='ocrx_word' id='word_1_185' title='bbox 570 2037 736 2094; x_wconf 88' lang='lat' dir='ltr'>solennibus</span> <span class='ocrx_word' id='word_1_186' title='bbox 750 2037 814 2095; x_wconf 88' lang='lat' dir='ltr'>aliis</span> <span class='ocrx_word' id='word_1_187' title='bbox 828 2037 1012 2106; x_wconf 80' lang='lat' dir='ltr'>addidimus3</span> <span class='ocrx_word' id='word_1_188' title='bbox 1033 2037 1121 2094; x_wconf 89' lang='lat' dir='ltr'>colle-</span> 
     </span>
     <span class='ocr_line' id='line_1_23' title="bbox 122 2114 1119 2190; baseline 0.001 -18"><span class='ocrx_word' id='word_1_189' title='bbox 122 2121 128 2124; x_wconf 84' lang='grc'><em>“</em></span> <span class='ocrx_word' id='word_1_190' title='bbox 146 2123 165 2150; x_wconf 90' lang='grc'>“</span> <span class='ocrx_word' id='word_1_191' title='bbox 176 2114 313 2190; x_wconf 87' lang='lat' dir='ltr'>giumque</span> <span class='ocrx_word' id='word_1_192' title='bbox 328 2116 364 2171; x_wconf 87' lang='lat' dir='ltr'>ad</span> <span class='ocrx_word' id='word_1_193' title='bbox 377 2115 407 2172; x_wconf 93' lang='lat' dir='ltr'>id</span> <span class='ocrx_word' id='word_1_194' title='bbox 418 2128 663 2188; x_wconf 86' lang='lat' dir='ltr'>novum,auctore</span> <span class='ocrx_word' id='word_1_195' title='bbox 677 2127 788 2187; x_wconf 90' lang='lat' dir='ltr'>senatu,</span> <span class='ocrx_word' id='word_1_196' title='bbox 803 2117 994 2174; x_wconf 78' lang='lat' dir='ltr'>condidimus.</span> <span class='ocrx_word' id='word_1_197' title='bbox 1035 2115 1119 2177; x_wconf 77' lang='lat' dir='ltr'>Quid</span> 
     </span>
     <span class='ocr_line' id='line_1_24' title="bbox 145 2193 1121 2271; baseline 0 -19"><span class='ocrx_word' id='word_1_198' title='bbox 145 2198 164 2225; x_wconf 91' lang='lat'><strong><em>“</em></strong></span> <span class='ocrx_word' id='word_1_199' title='bbox 176 2194 279 2252; x_wconf 92' lang='lat' dir='ltr'>horum</span> <span class='ocrx_word' id='word_1_200' title='bbox 291 2212 364 2271; x_wconf 91' lang='lat' dir='ltr'>opus</span> <span class='ocrx_word' id='word_1_201' title='bbox 378 2193 431 2253; x_wconf 89' lang='lat' dir='ltr'>fuit</span> <span class='ocrx_word' id='word_1_202' title='bbox 454 2194 572 2271; x_wconf 87' lang='lat' dir='ltr'>suscipi,</span> <span class='ocrx_word' id='word_1_203' title='bbox 587 2195 611 2252; x_wconf 91' lang='lat' dir='ltr'>si</span> <span class='ocrx_word' id='word_1_204' title='bbox 636 2197 693 2252; x_wconf 71' lang='lat' dir='ltr'>uni</span> <span class='ocrx_word' id='word_1_205' title='bbox 707 2215 777 2253; x_wconf 88' lang='lat' dir='ltr'>cum</span> <span class='ocrx_word' id='word_1_206' title='bbox 790 2196 882 2254; x_wconf 88' lang='lat' dir='ltr'>Gallis</span> <span class='ocrx_word' id='word_1_207' title='bbox 895 2196 996 2253; x_wconf 89' lang='lat' dir='ltr'>urbem</span> <span class='ocrx_word' id='word_1_208' title='bbox 1010 2195 1121 2252; x_wconf 87' lang='lat' dir='ltr'>Roma·</span> 
     </span>
     <span class='ocr_line' id='line_1_25' title="bbox 145 2272 1122 2333; baseline 0.002 -3"><span class='ocrx_word' id='word_1_209' title='bbox 145 2283 165 2310; x_wconf 86' lang='lat'>“</span> <span class='ocrx_word' id='word_1_210' title='bbox 177 2292 244 2330; x_wconf 91' lang='lat' dir='ltr'>nam</span> <span class='ocrx_word' id='word_1_211' title='bbox 268 2273 395 2331; x_wconf 87' lang='lat' dir='ltr'>relicturi</span> <span class='ocrx_word' id='word_1_212' title='bbox 417 2273 545 2331; x_wconf 87' lang='lat' dir='ltr'>fuimusl</span> <span class='ocrx_word' id='word_1_213' title='bbox 566 2274 663 2332; x_wconf 90' lang='lat' dir='ltr'>sinon</span> <span class='ocrx_word' id='word_1_214' title='bbox 678 2275 823 2333; x_wconf 86' lang='lat' dir='ltr'>voluntate</span> <span class='ocrx_word' id='word_1_215' title='bbox 846 2274 1005 2332; x_wconf 89' lang='lat' dir='ltr'>mansimus</span> <span class='ocrx_word' id='word_1_216' title='bbox 1019 2274 1050 2331; x_wconf 91' lang='lat' dir='ltr'>in</span> <span class='ocrx_word' id='word_1_217' title='bbox 1065 2272 1122 2332; x_wconf 82' lang='lat' dir='ltr'>Ga·</span> 
     </span>
     <span class='ocr_line' id='line_1_26' title="bbox 145 2353 1156 2430; baseline 0 -20"><span class='ocrx_word' id='word_1_218' title='bbox 145 2357 163 2384; x_wconf 90' lang='lat'>“</span> <span class='ocrx_word' id='word_1_219' title='bbox 174 2353 274 2428; x_wconf 91' lang='lat' dir='ltr'>pitolio</span> <span class='ocrx_word' id='word_1_220' title='bbox 287 2372 338 2429; x_wconf 88' lang='lat' dir='ltr'>per</span> <span class='ocrx_word' id='word_1_221' title='bbox 362 2364 403 2412; x_wconf 90' lang='lat' dir='ltr'>tot</span> <span class='ocrx_word' id='word_1_222' title='bbox 416 2372 531 2410; x_wconf 88' lang='lat' dir='ltr'>menses</span> <span class='ocrx_word' id='word_1_223' title='bbox 551 2353 731 2412; x_wconf 68' lang='lat' dir='ltr'>obsidionis?</span> <span class='ocrx_word' id='word_1_224' title='bbox 753 2355 776 2411; x_wconf 90' lang='lat' dir='ltr'>si</span> <span class='ocrx_word' id='word_1_225' title='bbox 791 2354 828 2412; x_wconf 88' lang='lat' dir='ltr'>ab</span> <span class='ocrx_word' id='word_1_226' title='bbox 841 2353 971 2430; x_wconf 88' lang='lat' dir='ltr'>hostibus</span> <span class='ocrx_word' id='word_1_227' title='bbox 985 2363 1064 2411; x_wconf 89' lang='lat' dir='ltr'>metu</span> <span class='ocrx_word' id='word_1_228' title='bbox 1078 2369 1156 2410; x_wconf 73' lang='lat' dir='ltr'>reas</span> 
     </span>
     <span class='ocr_line' id='line_1_27' title="bbox 145 2432 1121 2508; baseline 0 -18"><span class='ocrx_word' id='word_1_229' title='bbox 145 2442 164 2470; x_wconf 90' lang='lat'>“</span> <span class='ocrx_word' id='word_1_230' title='bbox 175 2433 247 2491; x_wconf 88' lang='lat' dir='ltr'>tenti</span> <span class='ocrx_word' id='word_1_231' title='bbox 271 2434 396 2504; x_wconf 81' lang='lat' dir='ltr'>sumusl</span> <span class='ocrx_word' id='word_1_232' title='bbox 436 2432 482 2490; x_wconf 92' lang='lat' dir='ltr'>De</span> <span class='ocrx_word' id='word_1_233' title='bbox 506 2433 596 2490; x_wconf 89' lang='lat' dir='ltr'>sacris</span> <span class='ocrx_word' id='word_1_234' title='bbox 618 2433 761 2508; x_wconf 91' lang='lat' dir='ltr'>loquimur</span> <span class='ocrx_word' id='word_1_235' title='bbox 786 2444 815 2491; x_wconf 89' lang='lat' dir='ltr'>et</span> <span class='ocrx_word' id='word_1_236' title='bbox 836 2433 872 2490; x_wconf 89' lang='lat' dir='ltr'>de</span> <span class='ocrx_word' id='word_1_237' title='bbox 890 2433 1029 2508; x_wconf 85' lang='lat' dir='ltr'>templis:</span> <span class='ocrx_word' id='word_1_238' title='bbox 1051 2433 1121 2507; x_wconf 92' lang='lat' dir='ltr'>quid</span> 
     </span>
     <span class='ocr_line' id='line_1_28' title="bbox 145 2512 1121 2586; baseline 0 -16"><span class='ocrx_word' id='word_1_239' title='bbox 145 2522 163 2550; x_wconf 89' lang='lat'>“</span> <span class='ocrx_word' id='word_1_240' title='bbox 175 2514 294 2571; x_wconf 88' lang='lat' dir='ltr'>tandem</span> <span class='ocrx_word' id='word_1_241' title='bbox 307 2513 344 2570; x_wconf 92' lang='lat' dir='ltr'>de</span> <span class='ocrx_word' id='word_1_242' title='bbox 358 2512 578 2571; x_wconf 82' lang='lat' dir='ltr'>sacerdotibust</span> <span class='ocrx_word' id='word_1_243' title='bbox 619 2513 727 2571; x_wconf 89' lang='lat' dir='ltr'>Nonne</span> <span class='ocrx_word' id='word_1_244' title='bbox 741 2513 771 2570; x_wconf 93' lang='lat' dir='ltr'>iu</span> <span class='ocrx_word' id='word_1_245' title='bbox 786 2523 913 2570; x_wconf 88' lang='lat' dir='ltr'>mentem</span> <span class='ocrx_word' id='word_1_246' title='bbox 928 2513 1016 2580; x_wconf 86' lang='lat' dir='ltr'>venit,</span> <span class='ocrx_word' id='word_1_247' title='bbox 1030 2531 1121 2586; x_wconf 87' lang='lat' dir='ltr'>quarr-</span> 
     </span>
     <span class='ocr_line' id='line_1_29' title="bbox 144 2591 1120 2669; baseline -0.002 -19"><span class='ocrx_word' id='word_1_248' title='bbox 144 2602 163 2630; x_wconf 87' lang='lat'><strong>“</strong></span> <span class='ocrx_word' id='word_1_249' title='bbox 175 2602 236 2651; x_wconf 90' lang='lat' dir='ltr'>tum</span> <span class='ocrx_word' id='word_1_250' title='bbox 249 2592 358 2669; x_wconf 88' lang='lat' dir='ltr'>piaculi</span> <span class='ocrx_word' id='word_1_251' title='bbox 381 2593 598 2652; x_wconf 81' lang='lat' dir='ltr'>committaturi</span> <span class='ocrx_word' id='word_1_252' title='bbox 640 2593 806 2650; x_wconf 87' lang='lat' dir='ltr'>Vestalibus</span> <span class='ocrx_word' id='word_1_253' title='bbox 820 2611 925 2668; x_wconf 90' lang='lat' dir='ltr'>nempe</span> <span class='ocrx_word' id='word_1_254' title='bbox 939 2611 999 2648; x_wconf 88' lang='lat' dir='ltr'>una</span> <span class='ocrx_word' id='word_1_255' title='bbox 1012 2591 1062 2648; x_wconf 91' lang='lat' dir='ltr'>illa</span> <span class='ocrx_word' id='word_1_256' title='bbox 1076 2609 1120 2648; x_wconf 89' lang='lat' dir='ltr'>se·</span> 
     </span>
     <span class='ocr_line' id='line_1_30' title="bbox 144 2671 1119 2748; baseline 0 -20"><span class='ocrx_word' id='word_1_257' title='bbox 144 2681 162 2710; x_wconf 79' lang='lat'>‘⁶</span> <span class='ocrx_word' id='word_1_258' title='bbox 172 2673 224 2731; x_wconf 84' lang='lat' dir='ltr'>des</span> <span class='ocrx_word' id='word_1_259' title='bbox 238 2683 290 2742; x_wconf 88' lang='lat' dir='ltr'>est,</span> <span class='ocrx_word' id='word_1_260' title='bbox 305 2691 342 2730; x_wconf 86' lang='lat' dir='ltr'>ex</span> <span class='ocrx_word' id='word_1_261' title='bbox 354 2673 409 2746; x_wconf 72' lang='lat' dir='ltr'>quir</span> <span class='ocrx_word' id='word_1_262' title='bbox 430 2691 479 2729; x_wconf 88' lang='lat' dir='ltr'>eas</span> <span class='ocrx_word' id='word_1_263' title='bbox 493 2672 565 2730; x_wconf 89' lang='lat' dir='ltr'>nihil</span> <span class='ocrx_word' id='word_1_264' title='bbox 580 2691 717 2748; x_wconf 90' lang='lat' dir='ltr'>unquam,</span> <span class='ocrx_word' id='word_1_265' title='bbox 731 2682 921 2748; x_wconf 72' lang='lat' dir='ltr'>praeterquam</span> <span class='ocrx_word' id='word_1_266' title='bbox 935 2671 1011 2728; x_wconf 91' lang='lat' dir='ltr'>Urbs</span> <span class='ocrx_word' id='word_1_267' title='bbox 1025 2681 1119 2746; x_wconf 86' lang='lat' dir='ltr'>capta,</span> 
     </span>
     <span class='ocr_line' id='line_1_31' title="bbox 142 2750 1154 2810; baseline -0.002 -2"><span class='ocrx_word' id='word_1_268' title='bbox 142 2756 162 2784; x_wconf 86' lang='lat'>“</span> <span class='ocrx_word' id='word_1_269' title='bbox 170 2752 267 2810; x_wconf 89' lang='lat' dir='ltr'>movit.</span> <span class='ocrx_word' id='word_1_270' title='bbox 308 2751 433 2809; x_wconf 84' lang='lat' dir='ltr'>Flamini</span> <span class='ocrx_word' id='word_1_271' title='bbox 458 2750 536 2809; x_wconf 90' lang='lat' dir='ltr'>Diali</span> <span class='ocrx_word' id='word_1_272' title='bbox 557 2763 673 2809; x_wconf 91' lang='lat' dir='ltr'>noctem</span> <span class='ocrx_word' id='word_1_273' title='bbox 683 2770 772 2808; x_wconf 88' lang='lat' dir='ltr'>unam</span> <span class='ocrx_word' id='word_1_274' title='bbox 793 2770 910 2808; x_wconf 87' lang='lat' dir='ltr'>manere</span> <span class='ocrx_word' id='word_1_275' title='bbox 924 2761 1005 2808; x_wconf 86' lang='lat' dir='ltr'>extra</span> <span class='ocrx_word' id='word_1_276' title='bbox 1018 2751 1154 2808; x_wconf 77' lang='lat' dir='ltr'>urbemn</span> 
     </span>
     <span class='ocr_line' id='line_1_32' title="bbox 143 2829 1120 2907; baseline 0.001 -21"><span class='ocrx_word' id='word_1_277' title='bbox 143 2829 251 2887; x_wconf 83' lang='lat' dir='ltr'>“nefas</span> <span class='ocrx_word' id='word_1_278' title='bbox 264 2839 315 2887; x_wconf 90' lang='lat' dir='ltr'>est.</span> <span class='ocrx_word' id='word_1_279' title='bbox 358 2831 421 2887; x_wconf 88' lang='lat' dir='ltr'>Hos</span> <span class='ocrx_word' id='word_1_280' title='bbox 442 2831 580 2907; x_wconf 77' lang='lat' dir='ltr'>llejentes</span> <span class='ocrx_word' id='word_1_281' title='bbox 600 2851 652 2907; x_wconf 91' lang='lat' dir='ltr'>pro</span> <span class='ocrx_word' id='word_1_282' title='bbox 665 2829 810 2889; x_wconf 89' lang='lat' dir='ltr'>Romanis</span> <span class='ocrx_word' id='word_1_283' title='bbox 824 2830 926 2887; x_wconf 85' lang='lat' dir='ltr'>facturi</span> <span class='ocrx_word' id='word_1_284' title='bbox 941 2830 1010 2887; x_wconf 90' lang='lat' dir='ltr'>estis</span> <span class='ocrx_word' id='word_1_285' title='bbox 1024 2848 1120 2887; x_wconf 86' lang='lat' dir='ltr'>sacer·</span> 
     </span>
     <span class='ocr_line' id='line_1_33' title="bbox 142 2898 1120 2985; baseline 0 -19"><span class='ocrx_word' id='word_1_286' title='bbox 142 2919 162 2947; x_wconf 84' lang='lat'><strong>“</strong></span> <span class='ocrx_word' id='word_1_287' title='bbox 174 2909 265 2982; x_wconf 73' lang='lat' dir='ltr'>doteS,</span> <span class='ocrx_word' id='word_1_288' title='bbox 279 2918 309 2966; x_wconf 90' lang='lat' dir='ltr'>et</span> <span class='ocrx_word' id='word_1_289' title='bbox 322 2898 455 2966; x_wconf 87' lang='lat' dir='ltr'>Vestales</span> <span class='ocrx_word' id='word_1_290' title='bbox 469 2920 525 2966; x_wconf 85' lang='lat' dir='ltr'>tuae</span> <span class='ocrx_word' id='word_1_291' title='bbox 540 2920 568 2968; x_wconf 88' lang='lat' dir='ltr'>te</span> <span class='ocrx_word' id='word_1_292' title='bbox 587 2911 729 2983; x_wconf 87' lang='lat' dir='ltr'>deserent,</span> <span class='ocrx_word' id='word_1_293' title='bbox 745 2911 854 2967; x_wconf 88' lang='lat' dir='ltr'>Vestal</span> <span class='ocrx_word' id='word_1_294' title='bbox 875 2920 905 2967; x_wconf 90' lang='lat' dir='ltr'>et</span> <span class='ocrx_word' id='word_1_295' title='bbox 919 2909 1024 2966; x_wconf 87' lang='lat' dir='ltr'>flamen</span> <span class='ocrx_word' id='word_1_296' title='bbox 1038 2927 1120 2985; x_wconf 89' lang='lat' dir='ltr'>pere·</span> 
     </span>
     <span class='ocr_line' id='line_1_34' title="bbox 142 2987 1120 3066; baseline 0 -22"><span class='ocrx_word' id='word_1_297' title='bbox 142 2999 161 3027; x_wconf 77' lang='lat'>‘⁶</span> <span class='ocrx_word' id='word_1_298' title='bbox 172 2989 223 3064; x_wconf 74' lang='lat' dir='ltr'>gre</span> <span class='ocrx_word' id='word_1_299' title='bbox 245 2987 403 3045; x_wconf 90' lang='lat' dir='ltr'>habitando</span> <span class='ocrx_word' id='word_1_300' title='bbox 421 2988 451 3045; x_wconf 91' lang='lat' dir='ltr'>in</span> <span class='ocrx_word' id='word_1_301' title='bbox 466 2989 594 3066; x_wconf 90' lang='lat' dir='ltr'>singulas</span> <span class='ocrx_word' id='word_1_302' title='bbox 615 3001 716 3050; x_wconf 89' lang='lat' dir='ltr'>noctes</span> <span class='ocrx_word' id='word_1_303' title='bbox 736 2999 849 3047; x_wconf 93' lang='lat' dir='ltr'>tantum</span> <span class='ocrx_word' id='word_1_304' title='bbox 864 2989 919 3046; x_wconf 90' lang='lat' dir='ltr'>sibi</span> <span class='ocrx_word' id='word_1_305' title='bbox 933 2989 1032 3063; x_wconf 87' lang='lat' dir='ltr'>reique</span> <span class='ocrx_word' id='word_1_306' title='bbox 1047 2988 1120 3063; x_wconf 92' lang='lat' dir='ltr'>pub-</span> 
     </span>
     <span class='ocr_line' id='line_1_35' title="bbox 142 3066 1120 3144; baseline -0.001 -19"><span class='ocrx_word' id='word_1_307' title='bbox 142 3078 161 3106; x_wconf 87' lang='lat'>“</span> <span class='ocrx_word' id='word_1_308' title='bbox 172 3068 237 3125; x_wconf 83' lang='lat' dir='ltr'>licae</span> <span class='ocrx_word' id='word_1_309' title='bbox 250 3067 357 3142; x_wconf 88' lang='lat' dir='ltr'>piaculi</span> <span class='ocrx_word' id='word_1_310' title='bbox 371 3069 541 3125; x_wconf 87' lang='lat' dir='ltr'>contrahetl</span> <span class='ocrx_word' id='word_1_311' title='bbox 581 3069 665 3131; x_wconf 79' lang='lat' dir='ltr'>Quid</span> <span class='ocrx_word' id='word_1_312' title='bbox 686 3070 751 3136; x_wconf 90' lang='lat' dir='ltr'>alia,</span> <span class='ocrx_word' id='word_1_313' title='bbox 767 3089 830 3144; x_wconf 84' lang='lat' dir='ltr'>quae</span> <span class='ocrx_word' id='word_1_314' title='bbox 845 3066 992 3144; x_wconf 76' lang='lat' dir='ltr'>auspicato</span> <span class='ocrx_word' id='word_1_315' title='bbox 1006 3068 1120 3144; x_wconf 89' lang='lat' dir='ltr'>agimus</span> 
     </span>
     <span class='ocr_line' id='line_1_36' title="bbox 142 3145 1155 3224; baseline 0.003 -18"><span class='ocrx_word' id='word_1_316' title='bbox 142 3145 343 3206; x_wconf 69' lang='lat' dir='ltr'>“omniafere</span> <span class='ocrx_word' id='word_1_317' title='bbox 368 3147 444 3204; x_wconf 91' lang='lat' dir='ltr'>intra</span> <span class='ocrx_word' id='word_1_318' title='bbox 467 3147 647 3224; x_wconf 66' lang='lat' dir='ltr'>pomaerium,</span> <span class='ocrx_word' id='word_1_319' title='bbox 670 3149 718 3206; x_wconf 88' lang='lat' dir='ltr'>oui</span> <span class='ocrx_word' id='word_1_320' title='bbox 740 3149 887 3216; x_wconf 88' lang='lat' dir='ltr'>oblivioni,</span> <span class='ocrx_word' id='word_1_321' title='bbox 903 3158 952 3205; x_wconf 89' lang='lat' dir='ltr'>aut</span> <span class='ocrx_word' id='word_1_322' title='bbox 965 3147 1014 3204; x_wconf 87' lang='lat' dir='ltr'>cui</span> <span class='ocrx_word' id='word_1_323' title='bbox 1029 3146 1155 3223; x_wconf 81' lang='lat' dir='ltr'>uegli·as</span> 
     </span>
     <span class='ocr_line' id='line_1_37' title="bbox 100 3225 1120 3304; baseline 0.002 -22"><span class='ocrx_word' id='word_1_324' title='bbox 100 3235 103 3242; x_wconf 89' lang='grc'><strong>“</strong></span> <span class='ocrx_word' id='word_1_325' title='bbox 141 3225 278 3302; x_wconf 82' lang='lat' dir='ltr'>“gentiae</span> <span class='ocrx_word' id='word_1_326' title='bbox 292 3227 414 3283; x_wconf 83' lang='lat' dir='ltr'>damusl</span> <span class='ocrx_word' id='word_1_327' title='bbox 455 3227 581 3285; x_wconf 86' lang='lat' dir='ltr'>Comitia</span> <span class='ocrx_word' id='word_1_328' title='bbox 591 3229 711 3302; x_wconf 86' lang='lat' dir='ltr'>curiata,</span> <span class='ocrx_word' id='word_1_329' title='bbox 726 3248 789 3304; x_wconf 85' lang='lat' dir='ltr'>quae</span> <span class='ocrx_word' id='word_1_330' title='bbox 807 3247 868 3286; x_wconf 90' lang='lat' dir='ltr'>rem</span> <span class='ocrx_word' id='word_1_331' title='bbox 883 3227 1036 3285; x_wconf 90' lang='lat' dir='ltr'>militarem</span> <span class='ocrx_word' id='word_1_332' title='bbox 1050 3245 1120 3284; x_wconf 89' lang='lat' dir='ltr'>cou-</span> 
     </span>
     <span class='ocr_line' id='line_1_38' title="bbox 141 3305 1119 3384; baseline -0.003 -20"><span class='ocrx_word' id='word_1_333' title='bbox 141 3306 281 3376; x_wconf 87' lang='lat' dir='ltr'>“tinent;</span> <span class='ocrx_word' id='word_1_334' title='bbox 308 3305 425 3364; x_wconf 84' lang='lat' dir='ltr'>comitia</span> <span class='ocrx_word' id='word_1_335' title='bbox 448 3306 620 3375; x_wconf 89' lang='lat' dir='ltr'>centuriata,</span> <span class='ocrx_word' id='word_1_336' title='bbox 645 3308 749 3384; x_wconf 79' lang='lat' dir='ltr'>quibus</span> <span class='ocrx_word' id='word_1_337' title='bbox 773 3307 908 3366; x_wconf 87' lang='lat' dir='ltr'>consules</span> <span class='ocrx_word' id='word_1_338' title='bbox 933 3306 1119 3380; x_wconf 88' lang='lat' dir='ltr'>tribunosque</span> 
     </span>
    </p>
   </div>
   <div class='ocr_carea' id='block_1_3' title="bbox 139 3384 1154 3701">
    <p class='ocr_par' dir='ltr' id='par_1_3' title="bbox 139 3384 1154 3701">
     <span class='ocr_line' id='line_1_39' title="bbox 140 3384 1121 3462; baseline -0.003 -18"><span class='ocrx_word' id='word_1_339' title='bbox 140 3385 308 3444; x_wconf 89' lang='lat' dir='ltr'>“militares</span> <span class='ocrx_word' id='word_1_340' title='bbox 322 3385 437 3454; x_wconf 89' lang='lat' dir='ltr'>creatis,</span> <span class='ocrx_word' id='word_1_341' title='bbox 453 3386 502 3443; x_wconf 91' lang='lat' dir='ltr'>ubi</span> <span class='ocrx_word' id='word_1_342' title='bbox 517 3386 674 3462; x_wconf 78' lang='lat' dir='ltr'>auspicato,</span> <span class='ocrx_word' id='word_1_343' title='bbox 689 3387 745 3444; x_wconf 91' lang='lat' dir='ltr'>nisi</span> <span class='ocrx_word' id='word_1_344' title='bbox 759 3387 809 3445; x_wconf 92' lang='lat' dir='ltr'>ubi</span> <span class='ocrx_word' id='word_1_345' title='bbox 830 3387 966 3459; x_wconf 85' lang='lat' dir='ltr'>assolent,</span> <span class='ocrx_word' id='word_1_346' title='bbox 981 3384 1042 3442; x_wconf 88' lang='lat' dir='ltr'>fieri</span> <span class='ocrx_word' id='word_1_347' title='bbox 1056 3404 1121 3460; x_wconf 90' lang='lat' dir='ltr'>pos·</span> 
     </span>
     <span class='ocr_line' id='line_1_40' title="bbox 139 3464 1118 3541; baseline -0.005 -17"><span class='ocrx_word' id='word_1_348' title='bbox 139 3476 159 3504; x_wconf 86' lang='lat'><strong>“</strong></span> <span class='ocrx_word' id='word_1_349' title='bbox 171 3467 260 3524; x_wconf 83' lang='lat' dir='ltr'>sunti</span> <span class='ocrx_word' id='word_1_350' title='bbox 302 3464 429 3541; x_wconf 86' lang='lat' dir='ltr'>Vejosne</span> <span class='ocrx_word' id='word_1_351' title='bbox 442 3465 504 3521; x_wconf 84' lang='lat' dir='ltr'>haec</span> <span class='ocrx_word' id='word_1_352' title='bbox 518 3465 745 3523; x_wconf 81' lang='lat' dir='ltr'>transferemusi</span> <span class='ocrx_word' id='word_1_353' title='bbox 760 3485 807 3534; x_wconf 90' lang='lat' dir='ltr'>an,</span> <span class='ocrx_word' id='word_1_354' title='bbox 823 3466 1004 3524; x_wconf 88' lang='lat' dir='ltr'>comitiorum</span> <span class='ocrx_word' id='word_1_355' title='bbox 1020 3465 1118 3530; x_wconf 68' lang='lat' dir='ltr'>causi,</span> 
     </span>
     <span class='ocr_line' id='line_1_41' title="bbox 139 3543 1154 3622; baseline 0.003 -20"><span class='ocrx_word' id='word_1_356' title='bbox 139 3545 291 3622; x_wconf 80' lang='lat' dir='ltr'>“popdlus</span> <span class='ocrx_word' id='word_1_357' title='bbox 315 3553 395 3602; x_wconf 88' lang='lat' dir='ltr'>tanto</span> <span class='ocrx_word' id='word_1_358' title='bbox 419 3543 603 3602; x_wconf 89' lang='lat' dir='ltr'>incommodo</span> <span class='ocrx_word' id='word_1_359' title='bbox 624 3545 654 3602; x_wconf 92' lang='lat' dir='ltr'>in</span> <span class='ocrx_word' id='word_1_360' title='bbox 678 3546 822 3605; x_wconf 85' lang='lat' dir='ltr'>desertam</span> <span class='ocrx_word' id='word_1_361' title='bbox 847 3546 924 3603; x_wconf 87' lang='lat' dir='ltr'>hanc</span> <span class='ocrx_word' id='word_1_362' title='bbox 938 3545 975 3602; x_wconf 93' lang='lat' dir='ltr'>ab</span> <span class='ocrx_word' id='word_1_363' title='bbox 989 3543 1055 3601; x_wconf 92' lang='lat' dir='ltr'>Diis</span> <span class='ocrx_word' id='word_1_364' title='bbox 1070 3545 1154 3605; x_wconf 78' lang='lat' dir='ltr'>horo</span> 
     </span>
     <span class='ocr_line' id='line_1_42' title="bbox 139 3623 657 3701; baseline -0.006 -17"><span class='ocrx_word' id='word_1_365' title='bbox 139 3635 158 3664; x_wconf 88' lang='lat'>“</span> <span class='ocrx_word' id='word_1_366' title='bbox 170 3625 353 3701; x_wconf 89' lang='lat' dir='ltr'>minibusque</span> <span class='ocrx_word' id='word_1_367' title='bbox 368 3623 468 3682; x_wconf 90' lang='lat' dir='ltr'>urbem</span> <span class='ocrx_word' id='word_1_368' title='bbox 484 3623 657 3683; x_wconf 79' lang='lat' dir='ltr'>convenisti</span> 
     </span>
    </p>
   </div>
   <div class='ocr_carea' id='block_1_4' title="bbox 0 0 1282 4314">
    <p class='ocr_par' dir='ltr' id='par_1_4' title="bbox 0 0 1282 4314">
     <span class='ocr_line' id='line_1_43' title="bbox 0 0 1282 4314; baseline 0 3"><span class='ocrx_word' id='word_1_369' title='bbox 0 0 1282 4314; x_wconf 95' lang='lat' dir='ltr'> </span> 
     </span>
    </p>
   </div>
  </div>
 </body>
</html>
