2556 4314
473 246 477 258 ·
542 291 650 368 uranu
666 292 687 340 1.
711 302 773 340 ear.
790 303 868 344 rr..
1044 369 1047 378 Ι
1139 289 1176 348 13

253 374 279 420 10
348 417 353 424 .

227 432 283 493 ·X.
304 433 373 492 Jam
397 433 553 493 admodum
577 435 700 510 mitigati
718 433 809 494 animi
821 432 910 510 raptis
922 442 1019 492 erant:
1040 441 1070 490 at
1082 440 1177 508 rapta·

204 532 269 572 rum
295 523 431 590 parentes
457 525 519 571 tum
545 514 673 571 maxime
695 514 810 572 sordida
833 523 911 570 veste
934 512 1124 587 lacrymisque
1147 520 1178 569 et

204 593 331 667 querelis
343 593 473 650 civitates
487 593 692 651 concitabant:
713 611 770 650 nec
784 592 861 648 domi
881 590 990 648 tantum
1005 590 1178 666 indignatio-

173 679 176 684 ’
206 689 261 728 nes
284 672 561 740 continebant„sed
586 671 838 747 congregabantur
860 670 986 744 undique
1013 670 1048 726 ad
1075 670 1177 727 Titum
1215 735 1220 740 ¹

183 744 338 822 ⁵Tatium‚
362 770 459 826 regem
482 751 676 807 Sabinorum:
696 760 726 806 et
747 749 906 825 legationes
926 747 972 816 ed,
988 746 1064 823 quod
1089 749 1180 806 maxi·

80 849 85 858 ·
175 851 179 857 ·
208 847 288 885 mum
315 829 394 886 Tatii
421 849 527 887 nomen
550 829 579 887 in
602 829 648 886 his
670 829 839 905 regionibus
863 837 935 900 erat,
959 827 1179 884 conveniebant.

209 905 397 966 Caeninenses
418 909 653 983 Crustuminique
677 919 707 966 et
729 908 922 966 Antemnates
943 916 1035 979 erant,
1049 907 1086 963 ad
1109 925 1181 980 quos

207 985 269 1060 ejus
279 986 392 1062 injuriae
405 1007 471 1063 pars
484 987 654 1064 pertinebat.
696 986 790 1045 Lente
812 1005 897 1062 agere
919 985 955 1046 iis
969 984 1075 1042 Tatius
1099 985 1185 1042 Sabi·

207 1064 292 1137 nique
305 1065 358 1123 visi
372 1078 447 1124 sunt.
489 1067 549 1143 Ipsi
570 1067 646 1124 inter
670 1085 701 1124 se
724 1075 783 1124 tres
805 1065 902 1141 populi
915 1064 1108 1122 communiter
1123 1061 1183 1121 bel-

97 1184 101 1191 .
175 1153 199 1193 ro
208 1141 266 1211 lum
279 1155 390 1216 parant.
431 1145 479 1202 Ne
493 1145 673 1204 Crustumini
682 1145 799 1220 quidem
814 1155 898 1218 atque
911 1143 1115 1216 Antemnates,
1128 1162 1181 1218 pro

209 1220 308 1277 ardore
331 1219 429 1294 iraque
452 1225 683 1298 Caeninensium,
697 1224 766 1282 satis
789 1241 821 1280 se
843 1221 965 1298 impigre
984 1233 1119 1283 movent:
1140 1223 1181 1279 ita

207 1317 258 1374 per
271 1298 406 1373 seipsum
421 1321 527 1360 nomeu
537 1305 692 1361 Caeninum
706 1304 737 1361 in
751 1319 851 1378 agrum
862 1302 1029 1359 Romanum
1041 1301 1181 1376 impetum
1194 1321 1197 1328 ·

208 1376 286 1435 lacit.
328 1378 387 1434 Sed
402 1380 492 1438 effuse
505 1382 683 1440 vastantibus
703 1382 735 1439 lit
757 1382 859 1439 obvius
878 1399 945 1438 cum
967 1379 1097 1439 exercitu
1120 1379 1182 1438 lto-

209 1456 432 1531 mulus,levique
444 1460 601 1515 certamine
610 1461 815 1528 docet‚vanam
825 1460 888 1516 sine
899 1459 1007 1515 viribus
1018 1459 1090 1515 iram
1099 1477 1181 1516 esse:

175 1535 371 1593 mexercitum
395 1536 490 1592 fundit
510 1537 663 1610 fugatque:
685 1537 781 1594 fusum
805 1537 1006 1611 persequitur:
1027 1555 1127 1611 regern
1152 1537 1183 1593 in

209 1613 312 1688 proelio
334 1612 497 1680 obtruncat,
512 1623 542 1669 et
564 1611 684 1687 spoliat:
705 1615 780 1669 duce
804 1613 928 1670 hostiurn
952 1613 1060 1685 occiso,
1082 1615 1184 1671 urbem

210 1691 305 1766 primo
320 1691 429 1765 impetu
454 1690 538 1766 capit.
591 1689 665 1747 Inde
686 1691 816 1747 exercitu
839 1690 948 1748 victora
961 1691 1091 1764 reducto,
1113 1693 1184 1768 ipse,

210 1788 300 1843 quum
316 1769 402 1826 sactis
417 1769 458 1828 vir
479 1769 661 1845 magnificus,
684 1779 745 1826 turn
767 1769 908 1826 factorum
928 1777 1084 1826 ostentator
1095 1833 1097 1842 .
1108 1769 1185 1828 haud

169 1887 174 1894 ·
209 1847 314 1920 minor,
329 1847 420 1922 spolia
444 1849 527 1905 ducis
552 1847 675 1908 hostium
700 1847 768 1904 caesi
793 1866 932 1923 suspensa
953 1847 1091 1906 fabricato
1104 1850 1140 1906 ad
1155 1850 1184 1907 id

174 1925 278 2002 suapte
306 1927 416 1983 ferculo
442 1945 555 2002 gerens,
581 1925 611 1984 iu
639 1926 813 2001 Capitolium
839 1926 1008 1983 adscendit:
1030 1927 1126 2002 ibique
1150 1948 1186 1988 ea

212 2005 301 2079 quum
315 2005 352 2062 ad
365 2024 502 2078 quercum
516 2005 677 2081 pastoribus
691 2024 802 2064 sacram
817 2004 1006 2080 deposuissem
1021 2006 1106 2064 simul
1117 2027 1186 2066 cum

159 2143 162 2148 ,
213 2085 290 2142 dono
314 2084 473 2160 designavit
494 2084 600 2160 templo
624 2085 704 2141 Jovis
725 2084 809 2151 fines,
831 2093 1052 2160 cognomenque
1074 2086 1187 2145 addidit

213 2161 296 2220 Deo:
318 2163 462 2238 “Jupiter
476 2163 619 2230 Feretri‚”
641 2163 743 2238 inquit,
758 2168 777 2194 “
787 2163 851 2219 haec
863 2161 916 2220 tibi
938 2163 1028 2220 victor
1042 2163 1187 2224 Romulus

214 2245 233 2272 ‘¹
242 2259 294 2298 rex
304 2242 384 2318 regia
392 2260 471 2298 arma
482 2242 541 2298 sero
552 2261 560 2310 ς
574 2241 769 2316 templumque
783 2241 818 2298 iis
832 2241 1008 2316 regionibus,
1020 2261 1091 2316 quas
1102 2245 1188 2302 modd

178 2347 206 2386 ω
217 2329 236 2355 “
247 2320 342 2378 animo
368 2330 491 2378 metatus
505 2339 578 2392 sum,
594 2321 708 2392 dedico,
722 2320 821 2377 sedem
848 2319 952 2394 opimis
965 2321 1087 2394 spoliis,
1111 2341 1185 2398 quae,

217 2400 358 2474 “regibus
372 2400 551 2474 ducibusque
560 2397 786 2470 hostiurn‘caesis,
801 2417 848 2453 me
862 2408 1010 2455 auctorem
1024 2411 1188 2473 sequentes

214 2479 350 2553 “posteri
364 2479 487 2534 fercnt.”
529 2478 609 2534 Haec'
617 2476 717 2552 templi
738 2485 782 2532 est
795 2476 885 2550 origo,
899 2477 975 2549 quod
989 2477 1114 2550 primum
1127 2499 1189 2538 om·

213 2557 293 2614 nium
307 2557 414 2616 Roma:
427 2566 572 2612 sacratum
586 2561 648 2611 est'
680 2553 726 2610 lta
739 2553 845 2610 deinde
859 2553 924 2608 Diis
941 2553 1043 2625 visum,
1058 2574 1113 2612 nec
1127 2557 1188 2616 irri-

212 2645 270 2693 tam
285 2635 445 2694 conditoris
466 2633 565 2710 templi
584 2649 685 2692 vocem
696 2649 772 2702 esse,
786 2632 841 2705 qua
854 2630 961 2687 laturos
974 2650 1009 2688 ea
1023 2633 1113 2710 spolia
1125 2655 1190 2712 pos-
1246 2677 1248 2685 .

177 2724 288 2777 eeteros
312 2713 511 2789 nuncupavit3
540 2731 607 2780 nec,
631 2709 815 2768 multitudine
837 2719 1011 2784 compotum,
1033 2713 1096 2789 ejus
1119 2714 1188 2775 doni

213 2795 322 2870 vulgari
349 2794 474 2851 laudem.
524 2791 599 2849 Bina
621 2799 730 2866 postea,
755 2789 830 2846 inter
853 2799 1016 2858 turannos,
1039 2802 1081 2849 tot
1102 2793 1187 2864 bella:

212 2873 310 2949 opima
322 2883 404 2947 parta
415 2881 483 2930 sunt
496 2871 602 2947 spolia:
624 2867 698 2928 adeb
718 2887 783 2926 rara
794 2868 858 2947 ejus
872 2868 986 2928 fortuna
998 2870 1112 2929 decoris
1126 2873 1217 2974 suits

268 2975 289 3017 n
757 2971 766 3013 t
916 2989 920 3000 ·

256 3028 312 3086 XI.
334 3029 411 3086 Dum
426 3048 461 3087 ea
474 3031 514 3088 ibi
534 3028 663 3088 Romani
677 3037 792 3105 gerunt,
807 3028 1029 3088 Antemnatium
1045 3035 1188 3094 exercitus

216 3126 268 3184 per
287 3109 471 3166 occasionem
495 3129 529 3166 ac
553 3108 738 3166 solitudinem
752 3109 892 3166 hostiliter
906 3109 936 3166 in
951 3109 1024 3166 lines
1037 3111 1189 3178 Romanos

177 3188 411 3246 :aincursionem
432 3188 521 3245 facit:
541 3187 645 3264 raptim
665 3189 699 3244 'et
723 3187 760 3243 ad
784 3187 837 3244 hos
850 3186 990 3245 Romana
1010 3189 1087 3265 legio
1100 3192 1189 3250 ducta

213 3267 324 3344 palatos
347 3268 378 3324 iu
402 3267 479 3343 agris
502 3266 651 3342 oppressit.
711 3265 781 3322 Fusi
805 3265 892 3342 igitur
916 3267 1007 3340 primo
1029 3267 1137 3342 impetu
1159 3282 1200 3330 et.

212 3347 339 3404 clamore
353 3347 468 3404 hostes:
489 3346 626 3421 oppidum
640 3355 774 3420 captum:
795 3344 959 3419 duplicique
971 3345 1091 3403 victoria
1101 3353 1188 3406 ova'rr·

212 3436 272 3483 tem
286 3425 454 3485 Romulum·
468 3424 596 3482 Hersilia
619 3424 737 3500 conjux,
752 3423 886 3498 precibus
899 3434 1043 3498 raptarum
1058 3424 1186 3500 fatigata,

213 3513 287 3570 orat,
310 3516 342 3562 ut
355 3505 522 3579 parentibus
535 3521 634 3562 earum
656 3503 705 3560 det
725 3501 850 3569 reniam,
864 3511 893 3558 et
914 3501 944 3558 in
969 3501 1115 3558 civitatem
1140 3521 1188 3561 ac-

177 3583 321 3659 accipiet:
343 3585 462 3641 iterem
486 3583 647 3640 coalescere
672 3581 827 3652 concordia
849 3599 941 3654 posse.
983 3575 1188 3654 Facile-impe.

212 3673 329 3721 tratum.
369 3662 443 3720 Inde
455 3660 766 3722 eontraCrustuminos
778 3658 932 3734 profectus,
944 3654 1051 3739 bellum
1062 3651 1187 3715 inferen-

210 3752 264 3800 tes.
306 3741 352 3800 Ibi
365 3742 463 3800 minus
475 3743 573 3808 etiam,
593 3739 672 3815 qubd
686 3738 789 3796 alicnis
802 3735 934 3796 cladibus
946 3729 1114 3790 ceciderant
1127 3737 1188 3797 ani.
