2520 4310
105 348 166 409 244
509 346 580 398 mn
598 345 685 396 nvn

145 490 296 550 XXXIX.
317 490 475 548 Claudium
495 491 653 558 consulem,
675 489 836 568 profectum
849 487 970 552 tandem
982 497 1019 553 ab
1033 497 1089 556 Ur·

105 571 152 644 be,
167 572 243 627 inter
256 553 354 647 port‘us
368 570 516 628 Cosanum
530 569 784 646 Lauretanu'mque
805 581 887 628 atrox
908 573 951 632 vis
964 584 1088 652 tempes-

104 650 172 708 tatis
186 649 285 707 adorta
306 649 336 706 in
352 659 460 708 metum
481 648 631 726 ingentem
652 649 779 707 adduxit.
822 649 998 726 Populonios
1018 655 1088 714 inde

105 747 193 805 quum
216 729 402 804 pervenisset,
425 729 607 806 stetissetque
621 729 672 801 ibi,
686 730 755 786 dum
769 728 914 804 reliquum
934 742 1087 809 tempesta·

104 807 142 866 tis
155 809 316 882 exsariret,
330 807 423 865 Ilvam
438 808 573 875 insulam,
587 819 617 865 et
631 808 667 864 ab
681 805 743 864 ilva
757 807 920 883 Corsicam,
935 831 952 868 a
965 812 1087 872 Corsic'd
1109 823 1123 863 ⁵

103 886 135 945 in
158 888 323 946 Sardiniam
346 887 468 964 trajecit,
523 887 569 944 Ibi
597 897 780 963 superantem
808 887 934 946 Insanos
961 902 1085 962 montes,

105 966 195 1026 multd
216 978 246 1026 et
259 967 359 1026 saevior
382 977 412 1024 et
432 966 629 1024 infestioribus
643 966 714 1024 locis
735 976 891 1042 tempestas
906 969 1007 1027 adorta
1030 972 1087 1030 dis·

102 1046 174 1123 jecit
187 1046 319 1104 classem.
361 1045 463 1103 Multae
477 1056 618 1121 quassata
638 1046 881 1122 armamentisque
894 1049 1022 1124 spoliata
1035 1070 1087 1108 na·

106 1143 175 1183 ves:
197 1127 328 1201 quadam
351 1125 458 1182 fractae.
481 1125 527 1182 Ita
542 1135 644 1182 vexata
662 1143 697 1184 ac
711 1125 837 1184 lacerata
849 1127 949 1185 classis
964 1128 1084 1188 Carales

23 1235 26 1244 ,
104 1204 198 1262 tenuit
213 1225 219 1261 :
241 1205 291 1261 ubi
315 1205 385 1262 dum
398 1205 549 1262 subducte
563 1205 732 1263 reficiuntur
741 1223 847 1274 nares,
862 1206 953 1264 hiems
966 1217 1124 1284 oppres-10

104 1283 161 1342 sit:
183 1283 450 1359 circumactumque
477 1285 547 1342 anni
574 1295 705 1360 tempus;
740 1294 779 1356 et,
806 1285 884 1343 nullo
909 1298 1083 1363 prorogante

105 1363 269 1440 imperium,
293 1364 419 1441 privatus
433 1363 482 1421 Ti.
507 1362 648 1421 Claudius
671 1363 795 1422 classem
819 1357 1084 1425 squammarum.

105 1440 148 1500 M.
164 1444 312 1517 Servilius,
326 1463 364 1503 ne
388 1443 570 1502 comitiorum
592 1442 682 1500 causa
703 1443 740 1502 ad
760 1443 869 1502 Urbem
891 1455 1084 1520 revocaretur,

105 1521 245 1582 dictatore
259 1524 338 1581 dicto
361 1523 396 1581 C.
413 1523 534 1580 Servilio
557 1523 692 1590 Gemino,
717 1523 748 1580 in
772 1523 951 1599 provinciam
964 1536 1007 1582 est
1020 1539 1085 1600 pro·

106 1601 208 1661 lectus.
263 1602 394 1661 Dictator
421 1603 588 1680 magistrum
616 1602 746 1678 equitum
773 1602 806 1660 P.
835 1603 944 1660 AElium
972 1602 1083 1667 Petam
1097 1612 1123 1654 1⁵

43 1703 46 1712 ¹
106 1681 189 1740 dixit.
231 1683 314 1759 Saepe
336 1681 453 1743 comitia
473 1683 584 1740 indicta
604 1682 704 1758 perfici
726 1691 911 1759 tempestates
930 1684 1085 1759 prohibue-

105 1771 192 1819 runt:
215 1761 320 1838 itaque,
335 1780 424 1838 quum
447 1761 540 1836 pridie
565 1762 630 1818 idus
653 1761 775 1820 Martias
788 1771 901 1820 veteres
914 1763 1083 1839 magistratu

106 1840 244 1910 abissent,
259 1841 326 1900 novi
349 1841 462 1900 suffecti
486 1860 544 1899 non
559 1851 666 1914 essent,
680 1840 845 1917 respublica
856 1841 919 1899 sine
933 1843 1082 1900 curulibus

107 1921 322 1997 magistratibus
345 1931 415 1979 erat.
456 1920 494 1978 T.
510 1919 639 1978 Manlius
653 1921 822 1996 Torquatus
840 1920 968 2000 pontifex
981 1939 1017 1979 eo
1029 1940 1082 1979 an-

107 2019 146 2056 no
160 2011 307 2058 mortuus:
339 2002 369 2058 in
390 2000 487 2058 locum
510 2001 573 2077 ejus
596 2000 735 2062 suffectus
759 2000 793 2057 C.
809 2000 958 2077 Sulpicius
979 2001 1122 2059 Galbam

107 2078 157 2134 Ab
171 2079 204 2150 L.
220 2079 335 2137 Licinio
349 2079 472 2137 Lucullo
485 2090 515 2137 et
534 2078 575 2142 Q.
590 2080 693 2137 Fulvio
714 2080 845 2138 aedilibus
859 2079 1011 2156 curulibus
1022 2081 1083 2138 ludi
1113 2127 1115 2131 .

106 2156 235 2215 Romani
249 2167 292 2216 ter
316 2159 367 2216 toti
389 2159 547 2216 instaurati.
589 2159 749 2217 Pecuniam
762 2177 799 2216 ex
812 2160 912 2226 erario
928 2159 1032 2217 scriba
1044 2160 1085 2217 vi·

107 2248 257 2313 atoresque
285 2238 400 2294 aedilioii
428 2238 503 2295 clam
531 2239 673 2314 egessisse
699 2255 749 2314 per
775 2237 903 2294 indicem
930 2239 1083 2314 comperti,

107 2315 236 2374 damnati
250 2327 327 2391 sunt,
349 2336 408 2375 non
432 2318 495 2376 sine
519 2317 639 2376 infamia
663 2317 777 2376 Luculli
800 2315 899 2374 aedilis.
941 2315 975 2373 P.
990 2317 1086 2374 AElius

108 2394 228 2454 Tubero
241 2406 271 2454 et
284 2396 318 2454 L.
333 2396 484 2468 Laetorius,
500 2398 601 2455 aediles.
611 2397 703 2473 plebis
720 2397 787 2454 vitio
800 2395 900 2463 creati,
915 2395 1123 2471 magistratu&

108 2493 140 2532 se
151 2475 331 2544 abdicarunt,
346 2495 434 2552 quum
445 2476 528 2534 ludos
539 2477 728 2551 ludorumque
738 2477 824 2534 causa
833 2475 951 2550 epulum
967 2474 1032 2532 Jovi
1045 2475 1086 2533 fe-
1160 2531 1166 2545 ,

108 2555 226 2624 cissent,
241 2566 270 2614 et
283 2557 367 2634 signa
380 2557 434 2615 tria
446 2575 483 2614 ex
497 2557 656 2632 rnrrltat-icio
671 2565 791 2631 argento
805 2555 883 2612 lacta
896 2555 926 2612 in
941 2554 1085 2630 Capitolio

107 2635 279 2712 posuissent.
321 2636 454 2694 Cerealia
467 2637 550 2695 ludos
568 2636 691 2695 dictator
705 2646 735 2693 et
749 2634 885 2712 magister
898 2634 1026 2709 equiturn
1043 2653 1082 2692 ax

109 2717 372 2777 senatus-consulto
385 2716 527 2774 fecerunt.

147 2871 213 2927 XL.
235 2871 337 2948 Legati
351 2891 388 2930 ex
401 2873 503 2932 Africa
517 2873 644 2932 Romani
664 2871 751 2931 simul
772 2839 1083 2948 Carthaginiensesque
1093 2869 1130 2922 ω’

107 2968 195 3026 quum
210 2950 356 3009 venissent
377 2953 513 3026 Romam,
534 2964 652 3012 senatus
666 2953 702 3010 ad
717 2953 809 3010 aedem
823 2953 950 3010 Bellona
969 2951 1086 3009 habitus
1152 2955 1156 2962 '

19 3062 21 3068 ν
104 3039 169 3102 est:
191 3029 241 3086 ubi
255 3049 343 3104 quum
357 3031 391 3089 L.
406 3033 544 3091 Veturius
565 3033 657 3106 Philo,
678 3042 838 3108 pugnatum
853 3051 921 3090 curn
936 3031 1087 3089 Hanniba·

106 3106 134 3166 le
148 3127 211 3166 esse
225 3112 359 3186 suprema
373 3112 664 3190 Carthaginiensibus
677 3112 787 3188 pugna,
802 3105 954 3184 'finemque
968 3110 1087 3170 tandem

106 3185 222 3264 lugubri
237 3189 313 3247 bello
326 3191 501 3268 impositum,
516 3193 628 3270 ingenti
641 3191 872 3249 laetitibPatrum
886 3190 1085 3264 exposuisset;

107 3267 224 3345 adjecit,
248 3268 418 3330 Verminam
439 3272 537 3345 etiarn,
559 3271 701 3347 Syphacis
715 3270 816 3338 filiurn,
831 3288 893 3345 quae
908 3287 996 3344 parva
1010 3268 1122 3328 bouem

105 3360 194 3426 gestae
208 3350 251 3407 rei
265 3351 395 3409 accessio
416 3361 485 3428 erat,
510 3351 672 3408 devictum:
695 3350 725 3407 in
752 3347 925 3408 ¹concionem
939 3348 1009 3406 inde
1023 3367 1086 3424 pro·

105 3429 167 3486 dire
179 3429 287 3507 jussus,
298 3431 493 3507 gaudiumque
505 3431 534 3488 id
548 3427 653 3507 populo
665 3429 822 3505 impertire.
864 3427 944 3485 Turn
957 3426 1085 3502 patuere,

105 3507 182 3568 facta
196 3510 397 3585 gratulatione,
411 3509 509 3566 omnia
530 3510 560 3567 in
575 3510 646 3568 urbe
660 3509 777 3586 templa,
802 3506 1086 3583 supplicationesque

1 3621 6 3644 ¹.
105 3587 136 3646 in
151 3589 279 3646 triduum
293 3590 426 3646 decreta.
468 3588 586 3665 Legatis
610 3587 896 3666 Carthaginiensium
910 3595 939 3643 et
959 3584 1086 3661 Philippi

104 3668 181 3742 regis
197 3666 278 3744 (nam
302 3668 322 3724 ii
345 3687 458 3742 quoque
480 3671 633 3746 venerant)
658 3667 833 3744 petentibus
851 3666 1015 3723 ut'senatus
1029 3663 1123 3725 sibiae

31 3751 38 3761 ¹
105 3745 232 3817 daretur,
256 3765 424 3821 responsum
443 3746 525 3821 jussu
539 3747 656 3804 Patrum
671 3749 708 3804 ab
721 3747 862 3805 dictatore
880 3755 935 3812 est,
950 3741 1087 3801 consules

104 3835 194 3880 noros
208 3823 251 3880 eis
264 3833 395 3883 senatum
410 3825 526 3883 daturos
547 3845 620 3884 esse.
662 3826 789 3885 Comitia
801 3825 875 3888 inde
885 3823 1003 3882 habita:
1024 3837 1090 3880 cre·
