2556 4314
589 109 601 136 Ι

536 269 644 320 LIBER
660 269 692 322 V.
709 283 772 320 cra.
789 283 851 319 ην.
1132 271 1189 332 125

211 411 306 471 “belli
330 431 368 470 ex
391 413 473 471 hoste
496 412 645 471 communi
668 411 808 488 pariendi.
854 411 933 473 Quae
954 412 1045 471 effuso
1059 413 1188 490 agmine

212 501 231 528 ‘⁴
245 491 390 561 adventat,
405 511 478 569 gens
491 502 545 560 est,
560 492 609 551 eui
633 485 876 567 natuiscorpora
899 492 1064 568 animosque
1077 512 1188 570 magna
1234 513 1241 522 ·

212 571 334 648 “magis
357 573 442 647 quim
463 570 546 629 firma
566 571 702 628 dederit:
728 568 764 651 eb
789 570 820 628 in
843 569 990 629 certamen
1010 591 1095 630 omne
1126 572 1190 648 plus
1235 589 1238 592 ·

214 655 232 683 “
243 651 369 724 terroris,
382 651 468 726 quam
482 650 594 722 virium,
609 650 713 708 ferunt.
756 651 938 726 Argumento
960 652 998 709 sit
1018 651 1116 708 clades
1129 652 1190 710 Ro-

188 735 350 787 ⁸“mauar
379 739 527 806 patentem
550 727 655 806 cepere
680 729 801 798 urbem3
834 747 871 786 ex
895 748 962 787 aree
989 729 1189 806 Capitolioque

215 809 289 866 “his
311 809 418 884 exigui
440 809 581 866 resistitur
604 827 700 865 manu.
752 807 818 865 Jam
842 809 1002 867 obsidionis
1023 810 1109 868 taedio
1123 811 1190 868 victi

215 896 235 924 ‘⁴
245 888 413 962 abscedunt,
428 888 548 964 vagique
572 906 624 963 per
648 905 732 963 egros
752 887 897 962 palantur,
912 888 979 946 cibo
992 889 1115 965 vinoque
1128 909 1191 966 rap

214 967 298 1024 “tim
322 967 423 1025 hausto
447 966 556 1042 repleti.
609 965 667 1023 Ubi
688 984 746 1023 nox
768 967 885 1042 appetit,
907 986 996 1044 prope
1017 968 1093 1026 rivos
1107 987 1192 1044 aqua-

212 1053 231 1080 “
243 1065 317 1118 rum,
339 1047 401 1102 sine
423 1046 613 1113 munimento,
636 1045 700 1102 sine
724 1044 896 1102 stationibus
914 1065 949 1105 ac
964 1047 1114 1115 custodiis,
1129 1066 1192 1124 pas·

176 1132 199 1171 ¹⁰
210 1128 229 1155 “
240 1124 294 1181 sim
309 1124 432 1182 ferarum
453 1125 510 1182 ritn
534 1133 712 1192 sternuntur,
727 1143 807 1182 nunc
828 1124 865 1182 ab
879 1126 1016 1183 secundis
1029 1127 1116 1184 rebus
1131 1145 1191 1185 ma-

210 1202 286 1280 “gis
300 1203 386 1261 etiam
401 1204 484 1263 solito
508 1204 628 1262 incauti.
671 1203 703 1261 si
719 1204 798 1262 vobis
816 1204 847 1261 in
861 1204 958 1262 animo
972 1215 1016 1263 est
1029 1206 1105 1263 tueri
1119 1225 1190 1264 moe-

210 1286 228 1315 “
240 1283 290 1340 nia
303 1294 406 1352 vestra,
420 1303 477 1340 nec
490 1284 550 1359 pati
565 1284 628 1340 haec
641 1283 740 1342 omnia
752 1283 877 1342 Galliam
892 1283 964 1353 fieri,
986 1286 1079 1360 primii
1092 1285 1191 1362 vigilid

209 1366 228 1393 “
240 1363 335 1438 eapite
350 1382 430 1420 arma
453 1363 638 1437 frequentes:
657 1381 704 1420 me
718 1363 872 1437 sequimini
891 1365 928 1420 ad
941 1365 1064 1432 eaedem,
1079 1383 1137 1422 non
1153 1366 1189 1422 ad

210 1450 229 1477 “
240 1460 391 1516 pugnam:
413 1442 469 1498 nisi
494 1443 606 1499 vinctos
627 1461 737 1513 somno,
751 1442 829 1499 velut
841 1442 980 1517 pecudes,
1001 1444 1190 1502 trucidandos

174 1529 199 1568 1⁵
210 1530 229 1556 ‘⁶
239 1521 397 1592 tradidero,
411 1540 469 1576 non
483 1539 587 1577 recuso
605 1521 741 1577 eumdem
754 1521 861 1578 Ardeae
875 1539 971 1578 rerum
985 1541 1114 1580 mearum
1129 1524 1190 1582 exi·

211 1603 230 1630 “
242 1609 317 1671 tum,
330 1618 417 1674 quem
430 1600 535 1656 Romae
556 1598 671 1655 habui.''

249 1755 346 1812 XLV.
366 1756 484 1834 *Quis
507 1755 670 1831 iniquisque
691 1774 860 1831 persuasum
882 1767 953 1825 erat,
977 1767 1089 1814 tantum
1114 1759 1190 1820 bello

206 1835 302 1892 virum
327 1836 475 1892 neminem
501 1823 621 1910 nemrim
635 1838 668 1892 eal
683 1844 852 1911 tempestate
867 1853 939 1894 esse.
981 1837 1131 1896 Concioue
1146 1840 1189 1897 di-

206 1914 306 1987 missi,
321 1933 441 1990 corpora
465 1923 580 1981 curant,
605 1915 718 1988 intenti,
741 1915 826 1990 quim
841 1933 908 1972 mox
921 1916 1036 1992 signum
1050 1917 1186 1976 daretur:

168 2007 267 2068 eoquo
291 1994 366 2065 dato,
390 1993 489 2068 primae
513 1993 632 2052 silentio·
650 1993 744 2072 noctis
768 1995 804 2051 ad
828 2005 925 2069 portas
947 1995 1070 2054 Camillo
1083 2009 1201 2073 praesto,

207 2072 300 2130 fuere.
342 2072 468 2148 Egressi,
491 2073 568 2130 haud
592 2073 691 2150 procul
715 2074 797 2142 urbe,
820 2074 896 2132 sicut
918 2075 1089 2150 praedictum
1114 2089 1186 2150 erat,

204 2162 304 2209 castra
326 2152 484 2220 Gallorum,
507 2152 600 2210 intuta
623 2153 814 2228 neglectaque
838 2154 875 2210 ab
896 2155 976 2212 omni
999 2165 1080 2230 parte
1094 2158 1185 2230 nacti,

202 2231 331 2290 elamore
345 2231 493 2289 invadunt.
534 2231 686 2306 Nusquam
699 2232 843 2308 proelium,
854 2233 990 2290 omnibus
1003 2234 1075 2292 locis
1089 2237 1185 2294 caedes

202 2321 269 2368 est:
290 2312 369 2368 nuda
389 2330 510 2386 corpora
530 2321 568 2383 et,
582 2312 675 2368 soluta
699 2331 801 2380 somno
818 2312 1018 2380 trucidantur:
1041 2325 1185 2373 extremos

165 2399 302 2447 tatamen
316 2409 402 2466 pavor
423 2389 568 2447 cubilibus
589 2390 785 2457 samareites,
807 2408 870 2463 quae
884 2401 934 2448 aut
948 2391 1025 2448 unde
1041 2393 1082 2449 vis
1096 2406 1182 2466 esset,

201 2469 331 2545 ignaros,
346 2469 376 2528 in
391 2469 499 2545 sugam,
514 2479 543 2525 et
566 2469 704 2542 quosdam
726 2468 757 2525 in
771 2470 882 2525 hostem
900 2469 995 2543 ipsum
1008 2469 1182 2545 improvidos

197 2549 278 2608 tulit.
319 2548 431 2624 Magna
444 2567 520 2623 pars,
543 2547 573 2604 in
594 2566 696 2622 agrum
719 2546 869 2603 Antiatem
893 2547 991 2614 delati,
1016 2547 1182 2607 incursione

201 2629 239 2686 ab
254 2627 407 2706 oppidanis
431 2627 461 2684 in
475 2627 585 2702 palatos
609 2625 695 2693 sacta,
710 2625 985 2682 circumveniuntur.
1029 2625 1138 2684 Similis
1152 2629 1181 2686 in

202 2726 274 2784 agro
288 2706 406 2784 Vejenti
430 2706 598 2764 Tuscorum
622 2705 699 2763 facta
722 2716 832 2780 strages
856 2713 917 2772 est3
938 2704 987 2780 qui
1011 2705 1099 2779 urbis,
1121 2707 1181 2784 jam

167 2803 291 2862 aoprope
305 2785 622 2862 quadringentesimum
643 2803 751 2842 annum
765 2783 878 2851 vicinae,
893 2802 1034 2859 oppressae
1049 2785 1085 2842 ab
1098 2787 1180 2847 hoste

202 2866 350 2924 invisitato
364 2866 561 2939 inauditoque,
583 2863 655 2923 adeb
677 2863 749 2920 nihil
764 2863 974 2932 miseriorum,
989 2864 1064 2922 utin
1078 2885 1180 2944 agrum

202 2944 373 3002 Romanum
387 2964 422 3002 eo
435 2954 562 3020 tempore
576 2943 757 3002 incursiones
770 2942 908 3016 lacerent,
922 2943 1056 3020 plenique
1075 2947 1180 3022 praedae

204 3023 295 3099 Vejos
308 3023 404 3092 etiam,
424 3023 646 3100 praesidiumque
659 3034 689 3081 et
703 3041 783 3099 spem
804 3023 933 3081 ultimam
947 3024 1075 3083 Romani
1089 3028 1181 3085 nomi·

149 3137 151 3144 ,
204 3103 262 3176 nis,
286 3103 316 3161 in
336 3104 432 3162 animo
456 3103 609 3162 habuerint
631 3121 807 3180 oppugnare.
848 3102 990 3161 Viderunt
1011 3123 1061 3162 eos
1075 3107 1181 3164 milites

167 3211 194 3250 35
203 3181 342 3252 Romani,
357 3183 495 3260 vagantes
507 3201 558 3259 per
571 3201 655 3259 agros
668 3193 698 3240 et
711 3192 901 3258 congregatos
915 3183 1040 3259 agmine,
1054 3187 1181 3260 praedam

202 3281 262 3338 prae
276 3282 307 3321 se
322 3272 459 3340 agentes3
480 3271 509 3320 et
523 3273 616 3320 castra
630 3262 789 3320 cernebant
803 3260 880 3318 haud
894 3263 993 3337 procul
1012 3261 1093 3341 Vejis
1106 3264 1182 3340 posi·

202 3352 241 3399 ta.
283 3341 358 3399 Inde
381 3339 506 3416 primum
529 3341 673 3399 miseratio
697 3341 751 3409 sui,
776 3340 883 3398 deinde
905 3341 1076 3418 indignitas;
1095 3351 1180 3414 atque

203 3439 242 3490 ea
254 3423 290 3477 ei
311 3420 354 3477 ira
376 3420 488 3477 animos
511 3420 596 3497 cepit.
639 3420 840 3478 “Etruscisne
854 3419 951 3488 etiam,
975 3420 1109 3494 aquibus
1122 3417 1182 3473 bel-

205 3499 297 3556 “lum
307 3499 453 3556 Gallicum
463 3498 534 3556 inse
548 3499 725 3568 avertissent,
737 3499 862 3557 ludibrio
875 3518 939 3557 esse
949 3499 1048 3555 clades
1063 3512 1130 3551 suas
1139 3493 1151 3549 l
1160 3493 1178 3520 ’'

166 3577 265 3652 40Vix
279 3579 474 3655 temperavere
495 3577 608 3648 animis,
628 3579 697 3655 quin
721 3578 868 3654 extemplo
881 3577 1020 3650 impeturn
1035 3572 1179 3660 lacerent:

203 3658 417 3734 compressique
431 3677 448 3716 a
471 3657 600 3717 Cadicio
619 3657 801 3729 centurione,
814 3673 900 3729 quem
914 3651 1029 3708 sibimet
1042 3664 1096 3722 ipsi
1109 3665 1180 3738 pre·

204 3736 345 3814 fecerant,
359 3756 421 3797 rem
445 3737 475 3797 in
498 3748 616 3876 noctpqu
637 3737 810 3796 sustinuere.
851 3726 1045 3802 Tantdmpar
1059 3723 1181 3788 Camillo
