2520 4310
88 291 163 356 ,27⁰
337 321 354 334 ⁴·
405 355 416 378 ἢ
509 291 580 343 mn
596 281 683 348 tritt

102 439 222 492 “noctu
242 445 441 511 sumpserunt.
476 435 561 498 Quid
584 436 622 494 de
642 436 751 514 ntegra*-
770 444 851 512 parte
863 436 1029 514 principum
1041 439 1083 498 lo-

103 523 123 552 ‘⁶
134 532 216 590 quar,
230 515 280 590 qui
303 515 335 574 in
349 514 492 574 Romanis
513 533 595 592 spem
617 535 733 576 omnem
754 515 905 592 diguitatis
917 526 948 575 et
961 517 1083 578 fortuna

101 595 548 754 tn„
565 595 774 734 austu
791 595 951 734 terr:

101 693 220 830 “prdde*
244 765 298 822 est,
322 765 354 813 ut
375 721 428 814 tibi
451 773 564 830 quoque
585 755 651 830 ipsi,
674 755 737 832 regi
761 765 791 812 et
810 755 895 830 petri,
916 697 1080 831 pigscirant.
1102 771 1117 811 ⁵

102 832 191 950 τεὴ.ῑιθ

62 1014 68 1023 ·
102 998 119 1024 “
131 931 359 1070 dddrndiiiiogdetain
377 934 581 1080 gosp-mim
596 931 874 1051 addlesoegdtiadsuae
887 1012 952 1052 esse
966 1015 1081 1071 equum

101 1076 119 1104 ‘¹
131 1075 239 1130 censer.
262 1088 268 1100 ·
281 1073 337 1130 Pro
358 1073 413 1144 isto
434 1065 563 1130 Romani
583 1082 670 1145 stant,
683 1090 735 1148 pro
748 1071 805 1130 isto
816 1090 917 1130 omnes
930 1074 1017 1132 urbes
1029 1087 1080 1132 tuo

101 1150 248 1226 “imperio
260 1151 405 1225 ‚liberator
426 1171 478 1227 pro
496 1151 552 1209 isto
573 1150 764 1225 Macedones,
785 1151 835 1228 qui
854 1171 926 1228 pace
938 1153 1114 1212 Romanam

100 1239 119 1266 ‘⁴
131 1230 278 1306 gaudent:
300 1230 495 1308 rnihi,praeter
507 1241 546 1303 te,
560 1241 650 1309 pater,
671 1230 742 1307 quid
754 1249 876 1308 usquam
889 1242 940 1290 aut
952 1233 1014 1309 spei
1027 1245 1078 1292 aut

100 1318 119 1346 ‘⁶
131 1309 257 1386 presidii
270 1311 337 1368 esti

151 1470 208 1530 XI.
244 1469 343 1534 “Qud
377 1482 507 1548 spectare
541 1470 604 1530 illae
630 1471 729 1531 literas
754 1472 793 1530 ad
822 1482 852 1532 te
873 1490 954 1530 nunc
976 1471 1079 1531 missas

100 1560 119 1587 “
129 1550 167 1608 T.
181 1550 299 1612 Quintii
323 1551 429 1624 credis,
452 1551 567 1627 quibus,
590 1562 621 1610 et
640 1553 716 1612 bene
744 1562 774 1610 te
797 1549 977 1610 consuluisse
990 1553 1078 1611 rebus

100 1637 117 1662 ‘¹
129 1632 197 1698 tuis,
211 1631 261 1704 ait,
274 1629 350 1706 quod
364 1631 543 1689 Demetrium
558 1631 686 1691 Romam
700 1631 824 1706 miseris,
837 1641 867 1690 et
887 1633 1024 1701 hortatur,
1046 1642 1079 1690 ut
1088 1641 1114 1682 1⁵

100 1721 119 1746 “
132 1711 246 1779 iterum,
268 1722 386 1768 etcum
407 1711 538 1787 pluribus
561 1711 664 1788 legatis
689 1721 720 1770 et
738 1711 912 1788 primoribus
939 1711 1079 1770 Macedo-

98 1795 116 1822 “
126 1809 207 1864 num,
221 1791 350 1849 remittas
363 1808 430 1848 eum
442 1792 454 1846 t
476 1790 515 1848 Τ.
528 1789 672 1853 Quintius
684 1809 765 1849 nuno
779 1800 824 1850 est
837 1803 936 1857 auctor
946 1792 1077 1850 omnium

99 1879 227 1928 “rerum
242 1871 288 1928 isti
310 1881 340 1927 et
365 1871 510 1946 magister,
551 1869 629 1930 Eum
649 1871 715 1939 sibi,
736 1880 765 1929 te
787 1871 922 1929 abdicato
941 1881 1029 1947 patre,
1044 1871 1076 1928 in

98 1954 116 1980 “
128 1949 225 2008 locum
238 1961 321 2008 tuum
342 1949 497 2008 substituit¹
538 1949 603 2009 Illic
617 1961 685 2009 ante
698 1950 798 2009 omnia
811 1951 993 2014 clandestina
1005 1969 1075 2010 eon-

97 2032 117 2059 “
126 2040 210 2110 Qa
223 2041 290 2086 sunt
314 2030 443 2088 consilia.
483 2029 663 2091 Queruntur
677 2030 823 2107 adjutores
834 2029 973 2104 consiliis,
986 2049 1076 2106 quum
1085 2041 1113 2081 Μ

97 2116 158 2165 “te
179 2108 286 2184 plures,
309 2118 339 2165 et
359 2109 504 2186 principes
525 2108 733 2182 Macedonum,
756 2129 823 2168 cum
837 2110 892 2168 isto
905 2110 1020 2168 mittere
1032 2111 1078 2188 ju·

98 2197 117 2224 “
130 2188 187 2245 bet.
226 2186 290 2248 Qui
311 2187 380 2244 hino
404 2187 511 2265 integri
534 2199 565 2247 et
585 2190 693 2248 sinceri
713 2189 837 2248 Romam
861 2198 941 2256 eunt,
965 2189 1076 2264 Phiiip-

97 2271 197 2342 “pum
210 2285 309 2342 regem
331 2285 362 2322 se
383 2266 490 2326 habere
513 2268 677 2338 credentes,
698 2267 798 2326 imbuti
821 2266 902 2324 illino
926 2277 957 2324 et
971 2267 1075 2326 infecti

97 2350 116 2378 “
126 2345 271 2404 Romanis
294 2345 497 2441 delenimentis
517 2349 650 2408 redeunt.
692 2345 857 2406 Demetrius
876 2346 913 2404 iis
925 2365 1005 2404 unus
1017 2367 1079 2406 om·

98 2435 117 2462 “
130 2426 178 2485 nia
192 2437 252 2484 est:
273 2443 340 2484 eum
352 2446 412 2504 Jam
433 2447 542 2504 regem,
563 2429 627 2488 vivo
648 2438 738 2506 patre,
760 2426 914 2503 appellant.
956 2425 1032 2485 Haec
1052 2428 1112 2484 stas

97 2511 117 2538 “
129 2507 273 2589 indignor,
289 2506 465 2565 audiendum
489 2519 533 2565 est
554 2509 661 2581 statim,
683 2526 742 2566 non
767 2507 805 2564 ab
819 2505 883 2564 eliis
903 2505 1007 2574 solum,
1024 2507 1074 2564 sed

98 2595 118 2623 “
128 2587 216 2644 etiam
237 2607 255 2644 a
268 2597 307 2660 te,
328 2597 418 2663 pater,
440 2587 606 2664 cupiditatis
619 2587 704 2664 regui
717 2587 840 2644 crimen.
881 2585 946 2662 Ego
959 2584 1035 2660 vere,
1049 2586 1074 2643 si

97 2667 118 2696 ‘¹
129 2665 160 2723 in
174 2667 270 2725 medio
293 2667 417 2742 ponitur,
432 2687 490 2724 non
511 2687 657 2744 agnosco:
678 2685 766 2742 quem
779 2666 858 2724 enim
872 2684 925 2723 suo
937 2666 1001 2724 loco
1014 2683 1075 2724 mo·

97 2753 191 2818 “veo‚
213 2747 328 2822 etipse
352 2747 382 2804 in
406 2747 469 2823 ejus
490 2747 588 2806 locum
612 2745 792 2806 succedam?
834 2746 917 2805 Unus
938 2755 1004 2803 ante
1024 2763 1072 2802 me

98 2829 115 2854 ‘¹
126 2834 206 2898 pater
227 2835 290 2891 est;
313 2837 351 2894 et,
376 2836 408 2884 ut
428 2826 479 2884 diu
500 2827 547 2896 sit,
571 2826 651 2885 Deos
673 2845 752 2902 rogo.
795 2825 946 2902 Superstes
968 2823 1011 2901 (et
1031 2824 1111 2882 imao

97 2912 117 2939 ‘⁴
129 2903 193 2972 sim,
209 2903 233 2960 si
244 2906 384 2986 merebor,
398 2916 430 2964 ut
453 2907 514 2984 ipse
528 2925 575 2964 me
588 2925 653 2964 esse
666 2905 749 2985 velit)
768 2905 965 2964 hereditatem
978 2903 1073 2980 regni,

98 2983 151 3038 “si
177 2993 256 3056 pater
273 2981 385 3058 Tradet,
418 2987 569 3063 accipiam.
624 2986 713 3064 Cupit
739 3003 874 3062 reguum,
901 2993 932 3042 et
956 2984 1074 3060 quidem

98 3065 116 3093 ‘¹
129 3060 269 3120 scelerate
290 3063 380 3138 cupit,
403 3065 451 3138 qui
472 3066 679 3125 transcendere
693 3065 810 3124 festinat
826 3064 962 3122 ordinem'
973 3063 1075 3137 aetatis,

99 3145 118 3174 “
127 3152 247 3211 nature,
262 3142 349 3200 moris
363 3141 571 3218 Macedonum,
579 3145 653 3222 juris
668 3145 808 3223 gentium.
850 3143 974 3200 ‘Obstat
988 3143 1075 3200 frater

99 3227 137 3256 “⁸
149 3223 248 3303 major,
271 3223 307 3281 ad
329 3239 414 3297 quem
440 3223 515 3299 jure,
537 3224 683 3284 voluntate
707 3224 795 3283 etiam
817 3222 915 3304 pptris,
949 3234 1114 3299 regnumne

99 3309 116 3336 ‘¹
129 3303 281 3381 ‘pertinet
322 3302 475 3360 Tollatur:
495 3322 555 3361 non
578 3304 688 3380 primus
707 3323 832 3384 regnum
851 3302 980 3360 fraterni
993 3302 1075 3360 caede

99 3389 117 3416 ‘¹
131 3385 266 3461 ‘petiero
308 3382 393 3441 Pater
416 3400 515 3452 senex,
529 3393 560 3442 et
572 3384 632 3443 filio
645 3384 722 3442 solus
734 3384 862 3457 orbatus,
887 3383 924 3440 de
937 3401 969 3439 se
983 3382 1076 3458 magis

99 3456 272 3536 “‘timebit‚
286 3464 372 3540 quim
396 3471 428 3520 ut
449 3461 500 3520 fitii
524 3481 628 3522 necem
648 3463 815 3522 ulciscatur.
856 3461 985 3520 Romani
998 3460 1076 3518 laeta·

101 3554 120 3581 ‘⁸
133 3545 267 3612 ‘buntur‚
281 3544 453 3620 probabunt,
477 3541 636 3602 defendent
656 3543 783 3602 sactum?
826 3541 882 3600 Hae
895 3561 960 3617 spes
981 3540 1076 3598 incer·

100 3634 119 3662 “
132 3634 178 3695 tae,
200 3633 288 3698 pater,
314 3624 365 3680 sed
389 3641 448 3682 non
472 3621 574 3680 inanes
597 3633 683 3682 sunt:
705 3623 746 3682 ita
765 3622 845 3680 enim
857 3633 950 3680 seres
969 3621 1056 3678 habet
1068 3640 1075 3676 r
1087 3633 1114 3674 to

99 3707 119 3737 ‘³
131 3700 292 3775 periculum
313 3698 377 3759 vitae
397 3701 554 3778 propellere
578 3717 596 3758 a
620 3721 666 3759 me
680 3711 770 3779 potes,
791 3701 941 3778 puniendo
954 3719 1013 3772 coe,
1027 3699 1075 3774 qui

101 3785 120 3813 ‘⁴
133 3779 169 3833 ad
183 3795 229 3834 me
251 3778 483 3838 interficiendum
507 3779 614 3838 ferrum
628 3792 828 3858 sumpserunt:
850 3779 874 3838 si
889 3779 1011 3840 facinori
1029 3797 1077 3838 eo·
