2556 4314
84 359 125 420 90
486 355 557 407 ΤΙΤΙ
575 353 661 406 mvn

86 501 237 580 spoliatum
252 499 292 559 ibi
306 517 421 575 corpus,
444 492 630 575 Sicciumque
653 491 685 556 in
699 490 796 558 medio
806 490 955 575 jacentem
973 514 1067 559 arma·

86 589 215 658 tumque,
229 580 364 638 omnibus
378 579 408 636 in
421 597 491 636 eum
504 579 594 636 versis
607 577 785 654 corporibus,
799 578 895 635 videre
908 596 916 646 3
939 578 1065 638 hostiurn

87 679 181 736 neque
193 678 297 735 corpus
321 658 421 727 ullum,
436 677 493 717 neo
517 658 637 734 vestigia
658 657 850 726 abeuntium
878 655 1010 732 profecto
1029 659 1066 716 ab

87 740 147 798 suis
160 738 345 798 intersectum
369 737 572 806 memorantes,
596 738 719 796 retulere
733 755 845 812 corpus.
887 735 1067 814 Inuidiaeque

86 818 173 895 plena
186 829 280 877 castra
293 827 395 887 eraut3
417 828 446 876 et
459 818 586 876 Romam
600 816 667 875 ferri
680 817 818 892 protinus.
826 815 957 874 Siccium
970 817 1067 892 place·
1088 829 1102 872 5

89 897 148 966 bet,
172 897 203 979 ni
217 897 374 956 decemviri
399 897 486 956 finnus
509 897 632 954 militare
646 896 674 953 ei
695 895 812 971 publici
826 895 958 970 impensa
969 896 1066 954 l'acere

86 977 289 1035 maturissent.
331 977 468 1053 Sepultus
491 975 603 1054 ingenti
627 975 751 1034 militum
771 974 919 1044 ιιιιιιιιιιιΐι,
940 975 1066 1052 pessima

88 1055 317 1117 decemvirorum
331 1055 362 1114 in
377 1057 478 1134 vulgus
492 1051 577 1125 sami,
592 1065 644 1113 est.

128 1213 241 1274 XLIV.
262 1215 399 1291 Sequitur
423 1214 501 1273 aliud
525 1213 556 1271 iu
569 1210 648 1271 Urbe
661 1212 754 1286 nefas,
775 1213 812 1271 ab
826 1211 946 1291 libidine
959 1223 1065 1281 ortum,
1085 1263 1088 1268 .

88 1295 168 1354 haud
192 1294 288 1353 mimis
312 1295 389 1354 fredo
409 1303 526 1367 eventu,
539 1292 624 1369 quim
637 1293 714 1369 quod
727 1311 778 1369 per
799 1303 929 1369 stuprum
944 1293 1103 1350 cadem-10
1150 1339 1152 1344 .

88 1393 144 1450 que
158 1371 302 1434 Lucretiae
325 1375 404 1434 Urbe
417 1392 565 1450 regnoque
585 1373 761 1448 Tarquinios
771 1372 940 1449 expulerat3
961 1381 1066 1430 utnon

85 1453 156 1521 linis
179 1453 271 1512 schim
290 1446 574 1526 -idemdecemviris,
598 1453 647 1528 qui
661 1453 789 1532 regibus,
803 1452 854 1510 sed
876 1470 966 1510 causa
979 1449 1067 1509 etiam

89 1533 192 1590 eadem
206 1533 319 1610 imperii
333 1532 484 1591 amittendi
507 1542 592 1590 esset.
633 1531 690 1609 Ap.
706 1532 863 1590 Claudiurn
875 1531 996 1608 virginis
1009 1530 1068 1607 ple·

91 1609 162 1689 bejae
177 1612 340 1688 stuprandae
364 1613 453 1670 libido
474 1611 560 1687 cepit.
602 1610 688 1669 Pater
710 1610 841 1691 virginis,
855 1611 889 1673 L·
904 1610 1066 1687 Virginius,

89 1689 242 1750 honesturn
269 1691 401 1750 ordinem
428 1692 458 1748 in
480 1691 589 1767 Algido
610 1691 746 1760 ducebat,
780 1691 823 1748 vir
843 1691 968 1767 exempli
995 1689 1067 1748 recti
1079 1699 1104 1739 1⁵

89 1767 168 1828 dorni
189 1770 364 1847 militiaeque.
406 1770 531 1828 Perinde
552 1789 626 1828 uxor
650 1770 781 1828 instituta
801 1769 902 1841 fuerat,
929 1769 1067 1844 liberique
1155 1827 1165 1838 ,

90 1845 321 1908 instituebantur.
362 1850 564 1926 Desponderat
578 1849 665 1912 filiam
673 1834 814 1908 fficilio
827 1847 992 1915 tribunicio,
1006 1849 1068 1906 viro

90 1928 164 2002 acri,
183 1939 213 1986 et
229 1917 286 2004 'pro
306 1931 395 1987 causi
408 1929 500 2004 plebis
514 1938 639 2005 expertae
653 1929 773 1987 virtutis.
815 1928 903 1985 Hauc
925 1926 1067 2004 virginem

91 2006 229 2079 adultam,
252 2007 342 2065 formal
363 2006 567 2075 excellentem,
590 2008 713 2084 Appius,
736 2007 961 2075 amoreardens,
975 2005 1068 2082 pretio

91 2103 127 2143 ac
141 2104 191 2162 spe
204 2085 340 2161 pellicere
355 2086 479 2157 adortus,
503 2097 654 2162 postquam
678 2087 781 2153 omnia·
790 2087 901 2162 pudore
914 2096 996 2162 septa
1008 2084 1105 2143 ani-at

91 2163 292 2233 madverterat,
317 2166 354 2246 ad
378 2164 526 2223 crudelem
547 2167 757 2243 superbamque
777 2166 835 2223 vim
858 2165 987 2224 animum
1000 2184 1069 2223 con·
1109 2219 1111 2224 ,

92 2242 184 2302 vertit.
227 2243 269 2301 M.
294 2244 418 2302 Claudio
439 2244 539 2302 clienti
561 2247 710 2322 negotium
733 2245 823 2314 dedit,
838 2256 870 2303 ut
882 2245 1022 2322 virginem
1037 2244 1068 2301 in

93 2323 259 2381 servitutem
281 2335 431 2406 assereret,
455 2343 549 2400 neque
569 2326 689 2383 cederet
719 2324 881 2383 secundum
907 2324 1070 2383 libertatem

93 2399 303 2476 postulantibus
326 2403 483 2475 vindiciam
504 2403 681 2480 quddpater
701 2404 804 2480 puellae
829 2404 952 2472 abesset,
973 2403 1070 2462 locum

93 2477 206 2558 injuriae
220 2500 283 2539 esse
305 2492 391 2540 ratus.
433 2483 569 2560 Virgini,
582 2483 710 2542 venienti
725 2484 755 2542 in
770 2483 863 2542 forum
879 2482 933 2561 (ibi
947 2495 1105 2558 namqueas

93 2558 124 2617 in
149 2559 275 2619 tabernis
289 2561 436 2620 literarum
456 2563 517 2621 ludi
537 2564 646 2642 erant),
660 2562 790 2621 minister
804 2561 961 2622 decemviri
976 2561 1071 2620 libidi-

94 2638 140 2696 nis
153 2657 273 2697 manum
287 2639 387 2717 injecit
401 2661 409 2711 3
430 2642 512 2699 serva
525 2644 576 2699 ιιιὲι
590 2653 688 2700 natam
712 2641 896 2718 (servamque
907 2642 1070 2720 appellans)

94 2718 176 2794 sequi
198 2738 229 2776 se
247 2719 387 2795 jubebat;
422 2730 609 2778 cunctantem
633 2722 662 2778 ιι
689 2721 909 2779 abstracturum.
964 2719 1073 2778 Pavidrl

94 2796 189 2872 puella
203 2806 345 2873 stupente,
370 2798 406 2854 ad
428 2798 582 2857 clamorem
597 2799 729 2868 nutricis,
743 2800 831 2858 fidem
844 2799 1005 2861 Quiritium
1018 2798 1072 2856 im·

93 2873 241 2950 plorantis,
255 2874 288 2932 lit
308 2893 475 2932 concursus.
517 2877 643 2954 Virginii
666 2879 755 2956 patris
768 2879 920 2956 sponsique
934 2877 1011 2935 Icilii
1022 2892 1108 2953 po-ao

95 2952 196 3029 pulcre
220 2965 326 3011 nornen
350 2953 530 3011 celebratur:
551 2966 634 3015 notos
657 2958 750 3034 gratia
773 2977 882 3030 eorum,
896 2957 1010 3015 turbam
1029 2956 1073 3014 in·

96 3030 224 3107 dignitas
247 3031 299 3100 rei,
323 3032 428 3109 virgini
452 3033 596 3092 conciliat.
646 3036 712 3096 Jarn
734 3037 797 3096 avi
810 3047 872 3096 tuta
885 3046 963 3106 erat3
985 3055 1072 3112 quum

98 3121 222 3168 assertor
239 3111 312 3170 nihil
333 3129 405 3187 opus
426 3131 490 3170 esse
510 3113 696 3174 multitudine
719 3116 864 3175 concitati
886 3116 944 3187 ait;
967 3135 997 3173 se
1008 3116 1072 3192 jure
1143 3138 1147 3144 ·

97 3189 233 3268 grassari,
254 3209 313 3249 nou
338 3191 373 3248 vi.
414 3190 509 3250 Vocat
532 3193 658 3268 puellam
681 3195 711 3253 in
733 3196 800 3271 jns3
830 3195 1006 3268 auctoribus,
1024 3193 1073 3269 qui

48 3277 51 3287 ’
98 3267 230 3337 aderant,
244 3280 277 3327 ut
299 3279 473 3345 sequeretur.
514 3271 564 3330 Ad
589 3272 713 3331 tribunal
727 3273 815 3351 Appii
827 3283 999 3350 perventum
1012 3283 1109 3330 estrat

99 3357 198 3406 notam
210 3348 302 3424 judici
326 3349 458 3422 fabulam¹
475 3351 588 3428 petitor,
607 3353 712 3429 quippe
727 3353 802 3429 apud
818 3353 913 3430 ipsum
927 3364 1073 3411 auctorem

100 3426 274 3504 argumenti,
287 3429 416 3506 peragit3
437 3427 573 3507 puellam,
598 3431 676 3490 domi
693 3451 751 3490 suae
765 3442 873 3506 natam,
888 3432 1018 3508 furtoque
1032 3430 1075 3489 in-

102 3505 139 3564 de
162 3505 193 3564 in
215 3506 332 3565 domum
356 3508 481 3584 Virginii
495 3510 673 3583 translatam,
694 3512 871 3587 suppositam
884 3512 912 3569 ei
926 3529 999 3570 esse.
1040 3509 1076 3567 Id

98 3602 132 3646 se
145 3584 256 3645 iudicio
278 3588 456 3663 compertum
477 3587 589 3663 afferre,
602 3591 856 3667 probaturumque,
877 3591 922 3650 vel
936 3590 999 3666 ipso
1011 3588 1077 3648 Vir·
1117 3597 1118 3602 ’

99 3664 181 3802 ffrlo
201 3663 311 3743 judice,
333 3667 370 3724 ad
393 3685 477 3743 quern
502 3667 592 3745 major
614 3687 680 3744 pars
703 3669 816 3747 injurie
839 3669 903 3749 ejus
924 3669 1113 3746 pertinentes

116 3769 117 3772 ¹
140 3744 224 3802 terim
245 3745 394 3812 dominum
418 3745 499 3822 sequi
516 3745 662 3822 ancillam,
686 3766 799 3824 aequum
818 3767 891 3806 esse.
933 3746 1077 3806 Advocati

72 3880 78 3890 ,
102 3821 216 3898 Puellae,
229 3843 318 3901 quum
330 3824 495 3910 Virginium
516 3825 683 3904 reipublice
706 3829 794 3902 canat
807 3827 951 3887 dixissent
963 3826 1075 3894 abesse,
