2556 4314
155 315 309 402 120„
430 376 440 391 ,
518 312 726 410 ιπτίιινιι

151 480 210 520 non
234 461 352 536 fortuna
368 459 465 533 modo,
488 460 539 517 sed
563 461 635 518 ratio
659 460 755 531 etiam,
781 475 849 516 cum
874 456 1002 514 barbaris
1026 459 1129 518 stabat.

154 540 190 599 In
204 540 293 599 altera
307 539 370 596 acie
394 539 466 596 nihil
480 538 574 595 simile
595 538 747 612 Romanis,
769 557 829 596 non
853 537 930 612 apud
954 538 1052 611 duces,
1066 559 1129 598 non

151 621 228 696 apud
240 619 354 685 milites,
365 627 445 674 erat:
459 636 545 692 pavor
554 617 679 692 fugaque
687 626 879 692 occupaverat
890 616 1012 688 animoa,
1024 628 1053 674 et
1065 628 1130 675 tan-

152 708 183 756 ta
191 697 339 755 hominum
353 696 467 766 oblivio,
476 705 508 753 rit
517 695 606 752 multo
617 696 707 771 major
716 715 780 771 pars
790 695 890 784 Vejos,
900 695 931 752 iu
946 695 1071 760 hostium
1082 715 1131 752 ur-

152 776 229 843 bem,
244 790 332 850 quum
354 774 471 831 Tiberis
484 784 604 844 arceret,
618 772 705 849 quam
729 784 808 832 recto
828 773 932 835 itinere
951 773 1078 831 Romam
1092 775 1129 831 ad
1152 784 1167 822 ⁵

153 855 292 932 conjuges
306 873 341 910 ac
354 853 459 912 liberos
481 853 623 929 sugerent.
645 853 802 927 Parumper
822 853 1009 910 subsidiarios
1022 862 1130 910 tutatus

153 944 198 990 cst
208 933 308 990 locus:
330 931 360 988 in
374 931 483 1005 reliqua
494 932 556 988 acic
571 930 655 987 simul
670 940 714 987 est
727 931 835 988 clamor
838 930 997 1028 ,proximis
1011 931 1047 987 ab
1062 931 1131 988 late·

152 1031 193 1085 re,
201 1011 308 1069 ultimis
316 1011 352 1067 ab
363 1020 453 1085 tergo,
465 1010 580 1066 auditus
582 1009 727 1084 ,ignotum
738 977 850 1066 hosterri
861 1009 938 1084 prids
948 1029 1032 1084 paene
1043 1009 1130 1084 quam

153 1059 293 1163 viderent,
306 1108 364 1146 non
379 1087 465 1146 modo
479 1108 537 1145 non
561 1098 670 1146 tentato
692 1088 861 1160 certamine,
876 1090 927 1145 sed
950 1107 988 1152 ne
1002 1087 1130 1145 clamore

96 1195 97 1198 ¹
153 1167 267 1243 quidem
282 1136 404 1240 ieddito,
419 1165 525 1242 integri
544 1167 705 1241 intactique
717 1166 862 1242 fugarunt.
884 1166 949 1226 Nec
961 1167 1018 1223 ulla
1032 1167 1131 1223 caedes
1142 1175 1166 1214 1⁰

152 1247 344 1323 pugnantium
358 1246 463 1304 fuit.t
451 1255 532 1321 terga
546 1265 622 1302 caesa
642 1255 753 1303 suomet
776 1246 903 1322 ipsorum
925 1245 1082 1340 certamine
1097 1244 1153 1302 in

99 1338 102 1362 ²
135 1327 236 1384 ¹turba
250 1325 468 1402 impedientium
480 1324 585 1400 furam
628 1324 750 1381 C1rca
728 1345 819 1400 ripam
833 1324 960 1391 Tiberis,
976 1343 1031 1398 quo
1043 1343 1131 1382 armis

155 1405 274 1481 abjectis
288 1415 378 1462 toturn
402 1403 549 1460 sinistrum
570 1422 661 1460 cornu
675 1403 796 1480 defugit,
810 1423 917 1479 magna
929 1413 1039 1488 strages
1053 1402 1131 1460 facta

154 1494 216 1542 est:
237 1484 409 1557 multosque,
434 1479 586 1556 imperitos
601 1481 690 1538 nandi
713 1494 762 1540 aut
786 1483 959 1549 invalidos,
952 1501 1053 1556 graves
1066 1480 1131 1539 lori·

155 1562 198 1619 cis
203 1561 338 1636 aliisque
362 1561 547 1636 tegminibus,
573 1561 694 1616 hausere
708 1562 846 1640 gurgites.
889 1561 1166 1617 Maximatamen15

154 1660 220 1717 pars
231 1639 384 1698 incolumis
395 1639 485 1729 Veios
496 1637 640 1714 perfugit·
633 1680 641 1706 ,
653 1639 732 1696 unde
744 1659 802 1696 non
816 1639 905 1697 modo
912 1639 1037 1715 praesidii
1051 1638 1133 1713 quid-

155 1738 250 1793 quam,
266 1719 316 1776 sed
340 1738 378 1776 ne
402 1718 522 1778 nuntius
543 1717 659 1791 quidem
681 1717 785 1785 cladis,
810 1718 1003 1775 Romamt
959 1728 1003 1775 est
1017 1718 1131 1774 missus.

156 1799 204 1856 Ab
219 1800 318 1856 dextro
332 1816 432 1870 cornu,
447 1797 522 1872 quod
537 1795 636 1871 procul
652 1814 668 1850 a
682 1795 801 1853 flumine
816 1806 845 1854 et
858 1797 950 1871 magis
964 1797 1019 1853 sub
1033 1805 1133 1853 monte

156 1887 282 1950 steterat,
296 1877 422 1934 Romam
446 1894 547 1932 omnes
557 1875 675 1950 petiere,
688 1883 728 1947 et,
743 1894 780 1932 ne
795 1875 899 1932 clausis
911 1873 1027 1948 quidem
1040 1873 1134 1950 portis

156 1957 245 2029 urbiS,
256 1957 286 2013 in
301 1974 397 2014 arcem
411 1954 612 2030 confugerunt.
620 1965 694 2108 Χ
851 2015 853 2020 ,
1142 1964 1169 2004 eo

62 2174 66 2191 ,
196 2115 345 2173 XXXIX.
367 2113 465 2172 Gallos
488 2130 600 2190 quoque
621 2114 699 2173 velut
722 2113 935 2191 obstupefactos
958 2113 1131 2171 miraculum

114 2213 120 2225 ¹
156 2195 282 2253 victoriae
296 2206 353 2252 tam
367 2194 525 2270 repentinae
539 2194 648 2252 tenuit:
670 2206 699 2252 et
713 2195 767 2270 ipsi
786 2211 891 2272 pavore
905 2193 993 2249 defixi
1008 2191 1131 2267 primum

158 2283 307 2347 steterunt,
321 2273 398 2330 velut
413 2273 516 2349 ignari,
531 2275 599 2349 quid
621 2275 793 2332 accidisset:
816 2273 921 2329 deinde
946 2272 1069 2328 insidias
1083 2285 1133 2326 ve-

157 2353 233 2423 reri3
254 2321 396 2428 postremi>
417 2371 557 2410 caesorum
574 2354 665 2428 spolia
688 2354 795 2429 legere,
815 2370 1018 2428 armorumque
1032 2365 1134 2406 cumu-

157 2432 209 2500 los
234 2443 266 2491 ut
288 2452 350 2490 mos
374 2431 416 2489 eis
432 2443 485 2500 est,
507 2451 686 2490 coacervare.
729 2433 809 2489 Tum
833 2433 960 2498 demum,
982 2429 1169 2522 postquamas

157 2511 229 2572 nihil
243 2531 363 2586 usquam
381 2511 484 2568 hostile
509 2513 691 2580 cernebatur,
714 2512 789 2568 viam
804 2511 938 2587 ingressi,
951 2510 1028 2567 haud
1042 2503 1133 2564 multd

157 2602 224 2648 ante
238 2592 305 2649 solis
319 2609 455 2648 occasum
466 2590 502 2649 ad
517 2591 617 2649 urbem
628 2592 755 2649 Romam
768 2590 959 2667 perveniunt:
981 2589 1030 2645 ubi
1044 2602 1134 2662 quum

157 2671 307 2763 praegrcssi
326 2671 391 2746 equi
394 2681 446 2744 tes,
468 2690 526 2728 non
548 2680 643 2746 portas
671 2671 793 2736 clausas,
819 2689 877 2726 non
905 2668 1057 2728 stationem
1081 2681 1134 2741 pro
1183 2705 1187 2714 .

157 2752 245 2826 portis
268 2751 422 2822 excubare,
445 2770 503 2806 non
528 2760 652 2807 armatos
676 2767 739 2807 esse
764 2748 794 2804 in
819 2747 918 2821 muris,
946 2747 1134 2820 retulissent3

158 2829 235 2885 aliud
249 2829 360 2902 priori
327 2797 441 2885 simile
462 2829 634 2885 miraculum
655 2847 704 2886 eos
726 2827 880 2897 sustinuit,
901 2794 1073 2898 rioctemquc
1087 2840 1172 2885 vem

157 2906 204 2964 riti
228 2916 257 2963 et
279 2906 384 2982 ignotae
406 2905 490 2964 situm
512 2907 600 2980 urbiS,
626 2907 701 2964 inter
724 2906 852 2964 Romam
879 2916 963 2980 atque
984 2904 1135 2963 Anienem

158 2985 325 3057 consedere,
339 2985 563 3060 exploratoribus
586 2987 681 3044 missis
705 2986 785 3042 circa
798 2985 905 3041 moenia
926 2983 1053 3058 aliasque
1066 3002 1135 3058 por·

158 3075 212 3132 tac,
234 3083 366 3138 quaenam
380 3065 509 3122 hostibus
529 3066 560 3122 in
574 3066 685 3156 perditi
699 3083 729 3122 re
744 3065 865 3122 consilia
879 3073 984 3120 essent.
1026 3063 1136 3122 Roma-

158 3144 199 3217 ni,
213 3163 302 3218 quum
315 3163 380 3218 pars
393 3143 482 3220 major
495 3163 533 3202 en
557 3145 619 3202 acie
641 3144 730 3220 Vejos
743 3144 871 3219 petisset,
886 3162 972 3200 nemo
985 3160 1136 3216 superesse

158 3241 330 3300 quemquam
351 3232 453 3299 praeter
476 3243 536 3291 eos,
560 3224 609 3298 qui
640 3224 768 3281 Romam
788 3222 964 3298 refugerant,
992 3222 1136 3298 crederet,
1148 3235 1173 3275 35

160 3301 327 3379 complorati
348 3322 458 3369 omnes,
480 3303 585 3379 pariter
608 3302 664 3359 vivi
689 3302 860 3376 mortuique,
885 3311 974 3358 totam
987 3319 1076 3376 prope
1091 3321 1138 3360 ur·

158 3384 224 3441 bem
243 3382 375 3443 lamentis
399 3382 597 3457 impleverunt.
639 3381 766 3439 Privatos
790 3381 897 3438 deinde
918 3380 1015 3437 luctus
1039 3391 1137 3457 stupe-

160 3462 229 3522 fecit
242 3462 374 3538 publicus
388 3481 483 3538 pavor,
497 3471 647 3536 postquam
669 3461 766 3520 hostes
780 3461 888 3517 adesse
896 3459 1061 3517 nuntiatum
1072 3470 1117 3517 est
1130 3479 1137 3517 :

158 3562 225 3600 mox
238 3541 363 3600 ululatus
387 3550 546 3614 cantusque
571 3540 711 3606 dissonos
731 3539 903 3616 vagantibus
926 3539 1006 3596 circa
1029 3539 1139 3597 moenia

158 3622 304 3680 turmatim
318 3618 456 3686 barbaris,
478 3618 643 3676 audiebant.
684 3618 781 3676 Omne
803 3619 872 3676 inde
891 3630 1005 3694 tempus
1019 3636 1139 3694 suspen·
1151 3633 1176 3672 to

159 3721 205 3772 sos
217 3702 256 3758 ita
269 3699 363 3757 tenuit
377 3698 487 3754 animos
501 3716 590 3771 usque
605 3700 641 3755 ad
655 3699 753 3756 lucem
777 3698 907 3772 alteram,
931 3709 963 3754 ut
977 3697 1140 3756 identidem

156 3777 216 3854 jam
238 3779 268 3834 in
290 3775 391 3834 urbem
413 3775 525 3833 futurus
547 3775 693 3838 videretur
717 3777 861 3854 impetus3
882 3777 976 3854 primo
1000 3775 1139 3852 adventu,
