2556 4314
530 314 637 363 tisun
653 313 674 362 1.
692 294 755 363 cri.
772 325 829 361 m.
848 285 850 291 ’
1127 313 1169 376 55

193 455 294 516 ordine
308 474 411 515 omnes
434 456 542 513 fidem:
564 455 750 513 consolantur
771 468 876 531 aegram
898 454 998 529 enimi,
1011 455 1168 516 avertendo

193 553 299 595 noxam
315 537 352 594 ab
366 537 468 594 coacti
481 535 512 592 in
527 542 673 592 auctorem
686 534 805 592 delicti:
825 544 952 592 mentem
964 553 1095 610 peccare,
1109 553 1169 595 uon

194 633 320 692 corpus:
335 625 374 683 et,
390 617 467 672 unde
482 615 634 673 consilium
650 609 784 681 abluerit,
794 613 908 689 culpem
919 614 1029 672 obesse.
1050 613 1169 683 “Vos”

195 695 301 770 inquit,
317 705 336 731 ‘⁴
347 693 484 761 videritis,
510 694 577 768 quid
602 691 643 749 illi
662 693 825 764 debeatur:
846 711 900 768 ego
913 711 971 760 me,
986 692 1040 755 etsi
1052 703 1171 768 peccmo

171 784 218 830 ⁵⁴⁸
231 775 356 841 absolvo,
371 773 522 849 supplicio·
535 791 592 830 non
616 772 724 830 libero:
746 791 803 829 nec
824 771 884 828 ulla
906 772 1013 830 deinde
1027 772 1173 848 impudica

199 858 219 886 ‘⁴
230 852 373 911 Lucretiae
397 852 529 927 exemplo
553 851 657 908 vivet.’'
699 851 843 923 Cultrum,
862 869 948 926 quem
963 853 1018 909 sub
1030 862 1112 909 veste
1124 851 1174 909 sb·

197 931 290 990 ditum
305 933 437 999 habebat,
453 949 520 991 eum
533 931 564 987 in
579 931 665 988 corde
680 930 782 1007 defigit
793 950 801 986 ε
814 930 1003 1006 prolapsaque
1013 932 1044 990 in
1058 929 1172 1004 vulnus,

196 1011 368 1070 moribunda
381 1011 498 1068 cecidit.
540 1009 734 1068 Conclamant
747 1010 790 1067 vir
802 1020 948 1086 paterque.

185 1234 190 1242 ι
236 1168 317 1226 LIX.
340 1167 456 1242 Brutus,
478 1167 536 1224 illis
558 1167 638 1224 luctu
660 1165 820 1242 occupatis,
845 1166 981 1236 cultrum,
996 1181 1032 1226 ex
1053 1165 1172 1226 vulnere

163 1257 189 1297 1⁰
198 1247 340 1306 Lucretiae
354 1257 529 1314 extractum,
543 1261 709 1304 manantem
725 1265 826 1303 cruore
839 1265 899 1321 prae
912 1265 944 1302 se
957 1255 1071 1314 tenens,
1087 1255 1106 1283 ‘⁴
1116 1245 1172 1304 Per

199 1327 337 1394 “huno''
352 1327 454 1402 inquit,
478 1325 702 1382 “castissimum
727 1336 794 1382 ente
819 1326 929 1401 regiam
953 1325 1089 1402 injuriam
1108 1343 1174 1382 san·

199 1406 348 1482 “guinem
360 1406 435 1482 juro,
449 1423 566 1479 vosque,
579 1404 638 1471 Dii,
660 1415 749 1462 testes
761 1404 847 1473 secio,
862 1423 909 1462 me
923 1404 957 1461 L.
979 1403 1173 1479 Tarquinium

199 1495 218 1522 ‘⁶
231 1487 405 1560 Superbum,
419 1503 488 1541 cum
512 1483 649 1540 scelerati
663 1484 786 1560 conjuge
800 1494 830 1541 et
849 1483 930 1541 omni
942 1483 1176 1544 liberorumstir·

199 1568 218 1598 “
229 1583 277 1640 pe,
286 1565 374 1631 ferro‚·
385 1563 458 1638 igni,
470 1564 650 1636 quicumque
659 1563 766 1634 dehinc
779 1563 807 1619 vi
819 1563 937 1638 possim,
950 1573 1154 1620 exsecuturum
1166 1582 1175 1631 3

160 1651 189 1690 1⁵
202 1651 222 1680 ‘⁶
234 1661 291 1700 nec
305 1642 379 1714 illos,
393 1660 449 1697 nec
464 1641 550 1696 elium
562 1659 732 1714 quemquam
744 1659 864 1716 regnare
878 1641 982 1697 Romae
995 1640 1174 1716 passurum.’'

200 1721 337 1779 Gultrum
353 1719 460 1782 deinde
475 1719 618 1776 Collatino
631 1718 737 1787 tradit3
759 1719 826 1793 inde
850 1717 988 1776 Lucretio
1002 1737 1036 1776 ac
1050 1718 1177 1794 Valerio,

200 1799 386 1875 stupentibus
398 1797 539 1855 miraculo
561 1797 612 1865 rei,
628 1799 705 1854 uude
729 1817 834 1854 novum
858 1797 889 1854 in
903 1797 984 1855 Bruti
1004 1808 1122 1874 pectore
1135 1798 1177 1856 in·

200 1879 329 1955 genium.
372 1877 411 1934 Ut
425 1886 602 1952 preceptum
615 1887 687 1944 erat,
700 1877 814 1952 jurant:
835 1877 943 1951 totique
958 1877 993 1933 ab
1006 1878 1088 1934 luctu
1102 1871 1175 1936 v'ersi

201 1959 233 2018 in
247 1958 328 2024 irum,
344 1955 474 2027 Brutum,
486 1956 545 2032 jam
559 1955 628 2011 inde
642 1955 678 2011 ad
693 1957 918 2031 expugnandum
937 1974 1058 2032 regnum
1072 1974 1176 2016 vocan-

163 2043 273 2104 W‘tem
288 2045 444 2110 sequuntur
466 2035 579 2091 ducem.
621 2033 737 2091 Elatum
759 2035 844 2092 domo
868 2034 1012 2092 Lucretiae
1026 2055 1130 2112 corpus
1143 2037 1175 2094 in

186 2115 296 2176 ¹sorum
322 2115 464 2182 deferunt,
487 2113 679 2187 concientque
703 2113 844 2180 miraculo
865 2113 910 2190 (ut
924 2114 955 2171 fit
983 2114 1025 2172 rei
1039 2134 1122 2172 novae
1136 2125 1176 2174 ut·

142 2190 145 2195 ’
202 2215 258 2272 que
271 2194 444 2270 indignitate
468 2193 599 2250 homines
614 2212 620 2248 ε
641 2211 695 2267 pro
717 2210 748 2249 se
770 2193 889 2268 quisque
903 2212 952 2250 sce
966 2213 998 2250 us
1012 2193 1126 2270 regium
1140 2213 1175 2252 ao

203 2275 260 2332 vim
280 2283 445 2349 queruntur.
488 2271 586 2330 Movet
609 2282 679 2328 tum·
695 2272 783 2346 patris
804 2272 950 2340 mestitia,
971 2282 1034 2330 tum
1057 2271 1175 2346 Brutus,

204 2354 356 2428 castigator
380 2353 570 2428 lacrymarum
595 2361 680 2425 atque
701 2350 838 2408 inertium
859 2351 1050 2425 querelarum,
1065 2363 1176 2410 auctor·

168 2446 194 2486 at
203 2451 260 2508 que
274 2432 362 2510 (quod
376 2432 461 2498 vireu,
485 2431 561 2505 quod
575 2429 726 2486 Romanos
739 2431 870 2506 deceret)
886 2449 965 2486 erma
978 2431 1113 2504 capiendi
1128 2431 1177 2490 ad-

203 2531 302 2570 versus
315 2511 430 2570 hostilia
444 2527 537 2568 ausos.
578 2505 789 2565 Ferocissimus
813 2509 935 2582 quisque
956 2509 1095 2582 juvenum
1109 2527 1176 2566 cum

204 2590 290 2650 ermis
311 2589 490 2649 voluntarius
514 2588 614 2644 adest:
643 2585 769 2660 sequitur
783 2596 812 2642 et
826 2596 932 2642 caetera
942 2585 1087 2660 juventus.
1129 2587 1178 2643 ln·

203 2671 251 2739 de,
265 2671 327 2746 pari
346 2668 481 2746 presidio
505 2667 606 2724 relicto
627 2664 757 2722 Collatiae
779 2664 814 2720 ad
835 2673 942 2740 portus,
955 2663 1178 2742 custodibusque

204 2749 278 2807 detis
292 2768 329 2806 ne
343 2749 406 2823 quis
427 2761 495 2806 eum
517 2756 628 2803 motum
648 2743 765 2820 regibus
785 2743 940 2812 nuntiaret,
955 2744 1051 2801 caeteri
1065 2747 1177 2816 armati,

170 2841 195 2882 su
205 2829 280 2886 duce
301 2829 399 2900 Bruto,
413 2828 540 2885 Romam
554 2824 684 2900 profecti.
725 2823 781 2880 Ubi
795 2821 830 2880 ed
843 2832 960 2880 ventum
974 2833 1026 2891 est,
1041 2827 1179 2900 quicum·

204 2926 262 2983 que
276 2907 396 2974 incedit,
420 2915 529 2964 armata
552 2903 706 2961 multitudo
728 2921 862 2978 pavorem
874 2919 908 2960 ac
922 2904 1076 2961 tumultum
1091 2905 1176 2964 facit:

205 3005 318 3056 rursus,
331 2984 380 3041 ubi
404 2983 511 3042 anteire
532 2984 671 3059 primores
691 2981 816 3043 civitatis
836 2982 952 3050 vident(
968 2983 1106 3058 quidquid
1130 2985 1182 3053 sit‚.

205 3063 288 3122 haud
302 3061 407 3120 temere
431 3083 493 3122 esse
508 3072 615 3120 rentur.
657 3062 722 3118 Nec
738 3062 878 3119 minorem
892 3072 1001 3119 motum
1015 3063 1177 3123 animorum

207 3143 312 3200 Rome
333 3152 390 3200 tam
404 3154 486 3201 atrox
510 3161 555 3199 res
569 3141 647 3214 lacit,
672 3141 757 3216 quim
779 3140 909 3199 Collatiae
930 3141 1046 3198 fecerat.
1098 3143 1177 3221 Ergo

173 3235 245 3280 etex
257 3223 390 3280 omuibus
410 3222 483 3280 locis
503 3221 583 3278 urbis
603 3220 633 3276 in
648 3220 739 3277 sorum
754 3221 886 3277 curritur.
926 3218 996 3299 Qud
1011 3221 1095 3280 simul
1109 3241 1178 3282 ven·

207 3311 269 3359 tum
284 3311 338 3373 est,
351 3318 446 3375 praeco
460 3301 500 3375 ad⁸
520 3299 667 3356 tribunum
682 3299 827 3370 Celerum,
842 3299 872 3355 in
886 3309 1016 3373 quotum
1029 3301 1178 3377 magistra·
1234 3367 1237 3376 1

207 3391 239 3438 tu
254 3380 327 3438 forte
340 3379 447 3436 Brutus
460 3389 531 3450 erat,
544 3378 680 3453 populum
705 3377 862 3435 advocavit.
904 3377 950 3435 lbi
965 3379 1055 3437 oratio
1069 3380 1176 3451 habita,
1234 3411 1236 3416 ·

207 3461 391 3533 nequiquam
414 3457 477 3532 ojus
503 3457 627 3532 pectoris
648 3456 824 3531 ingeniique,
850 3457 925 3530 quod
950 3455 1114 3514 simulatum
1141 3457 1177 3511 ad

208 3557 275 3596 eam
290 3536 367 3593 diem
381 3535 482 3604 luerat,
498 3537 534 3592 de
545 3536 571 3592 vi
583 3555 617 3593 ac
627 3535 747 3593 libidine
762 3537 829 3592 Sex.
845 3533 1009 3608 Tarquinii,
1031 3535 1066 3586 de
1081 3539 1178 3615 stupro

175 3631 200 3672 to
209 3616 329 3674 infando
343 3615 497 3686 Lucretiae,
510 3624 539 3672 et
561 3613 717 3671 miserabili
741 3613 831 3679 cede,
846 3613 882 3667 de
896 3611 1017 3667 orbitate
1031 3606 1181 3688 Triqrpiti·

209 3695 250 3770 ni,
265 3695 313 3754 cui
334 3705 426 3752 morte
448 3689 514 3751 flliae
528 3711 617 3750 causa
639 3692 738 3748 mortis
761 3688 906 3762 indignior
923 3702 965 3770 ‘ec
992 3677 1180 3738 miserabilior

210 3786 293 3834 esset.
336 3773 447 3834 Addita
467 3772 601 3848 superbia
624 3770 714 3846 ipsius
726 3767 814 3841 regis,
834 3763 1014 3823 misereque
1027 3761 1056 3806 et
1069 3749 1180 3812 ¹³b0l0⁵
