2556 4314
450 649 565 710 mam
597 617 706 711 Nom

397 823 470 907 cle.
488 830 763 906 r-ru.xv1-x1x.

474 998 679 1008 —a———.

349 1167 351 1170 ’
413 1190 541 1224 neruoram
559 1173 640 1226 nram
657 1191 739 1227 noran.

114 1339 145 1372 rr.
163 1338 208 1381 ιιι,
226 1324 272 1372 &e
289 1321 318 1368 T.
330 1319 444 1386 Veturius
463 1326 488 1369 et
507 1321 550 1382 Sp.
569 1321 792 1386 Postumius-apud
814 1325 938 1375 Caudinas
961 1327 1065 1389 Furcas,

80 1387 185 1436 deducto
204 1388 229 1432 in
249 1385 331 1432 locum
349 1389 442 1431 arctum
460 1386 577 1441 exercitu,
596 1400 671 1446 quum
688 1387 754 1434 nulla
771 1403 828 1449 spes
847 1392 969 1438 evadendi
987 1401 1063 1450 esset,

78 1449 169 1498 t'oedere
181 1462 237 1495 cum
251 1447 397 1494 Samnitibus
408 1445 483 1503 iacto,
494 1453 520 1495 et
530 1449 654 1496 sexcentis
671 1451 794 1510 equitibus
807 1449 925 1500 Romanis
937 1455 1074 1504 obsidibus.

79 1512 150 1567 datis,
160 1513 194 1558 ita
205 1511 339 1558 exereitum
350 1510 511 1566 abduxerunt,
522 1516 550 1559 ut
560 1526 646 1558 omnes
657 1513 703 1560 sub
710 1513 798 1576 jugum
811 1515 979 1565 mitterentur:
996 1532 1060 1568 vrrr.

78 1588 116 1631 rx,
125 1575 172 1623 &e
192 1573 327 1634 iidemque,
339 1579 437 1620 auctore
447 1573 488 1634 Sp.
498 1574 624 1622 Postumio
636 1577 736 1622 consule
750 1577 806 1636 (qui
815 1577 935 1625 lusenatu
946 1587 1063 1638 suaserat,

77 1643 200 1686 uteorum
213 1637 345 1692 deditione,
357 1650 458 1696 quorum
466 1632 540 1698 c'ulpd
548 1643 596 1685 tam
604 1637 711 1685 deforme
719 1637 797 1686 soedus
804 1639 881 1687 ictum
896 1647 956 1698 erat,
966 1644 1063 1703 publiea

77 1697 381 1760 fidesliberaretur),·cum
398 1700 492 1747 duobus
510 1701 610 1748 tribunis
629 1701 715 1762 plebis,
737 1707 764 1749 et
784 1703 896 1750 omnibus
919 1706 961 1765 qui
981 1704 1062 1754 loedus

75 1763 263 1824 spoponderant,
275 1763 350 1810 dediti
364 1761 522 1819 Samnitibus,
533 1769 583 1810 uori
597 1769 654 1811 suut
665 1765 765 1826 recepti.
798 1777 843 1818 Neo
851 1779 976 1831 multopere
986 1781 1038 1820 fusis
1046 1793 1061 1821 a

74 1824 158 1875 Papirio
166 1825 254 1864 Cursore
264 1824 392 1864 Samnitibus
408 1829 429 1863 et
445 1825 483 1864 sub
495 1825 568 1876 jugum
577 1825 653 1884 missis,
663 1826 790 1878 receptique
799 1830 899 1868 sexcentis
933 1830 1061 1870 uitioustto-
1112 1839 1115 1844 ·

74 1875 140 1914 manis
172 1875 193 1913 ui
206 1875 284 1913 obsides
297 1873 341 1912 dati
354 1878 420 1923 eraut,
430 1875 494 1922 pudor
502 1875 576 1923 prioris
585 1875 660 1926 flagitri
669 1875 759 1916 abolitus
768 1882 806 1916 est.
826 1877 908 1918 -l'ribus
935 1891 965 1918 uer
973 1879 1059 1928 adjectas
1122 1875 1126 1882 ¹

74 1929 131 1974 sunt,
139 1888 271 1976 ilientineet
288 1922 391 1980 Falerine.
417 1923 493 1963 Suessa
505 1929 527 1962 et
539 1925 615 1964 Pontia·
627 1925 711 1964 coloniae
723 1925 814 1966 deducte
825 1931 879 1966 sunt.
904 1927 945 1977 Ap.
958 1928 1059 1968 Claudius

73 1985 144 2018 oensor
152 1985 227 2032 aquam
243 1973 353 2022 perduxit:
366 1972 422 2011 viam
434 1974 517 2032 stravit,
530 1986 575 2024 que
587 1975 656 2034 Appia
668 1979 742 2034 vocate
753 1981 800 2034 est:
813 1976 953 2034 libertinorum
968 1978 1021 2016 tilios
1035 1979 1057 2018 in

74 2021 255 2112 :tlttnlttt
267 2021 362 2109 titii
379 2025 941 2114 ttdtnttrttltttaltlllttaffiitt
955 2028 1059 2086 ”qum

47 2141 51 2148 ·
74 2133 129 2161 sores
139 2121 268 2160 observatum
281 2082 421 2160 fuerategsses
433 2127 530 2170 preterea
542 2101 617 2162 eontra,
648 2123 714 2173 pulos,
731 2123 837 2174 Etruscos,
879 2087 1059 2175 ffix’rnfflruseg

74 2171 177 2221 Pelignus,
185 2169 271 2220 AEqnos,
280 2175 301 2207 et
309 2169 420 2220 Samnites,
433 2172 505 2221 quibus
514 2171 578 2212 ioedus
590 2180 635 2212 erat
643 2173 769 2224 restitutum,
778 2174 871 2224 prospere
884 2155 1058 2232 gestae'eontiuetf

73 2221 159 2260 Flavius
167 2220 241 2270 sariba,
250 2219 344 2277 libertino
353 2225 411 2268 patre
419 2222 557 2271 uatus,aedilis
565 2223 641 2262 eurulis
650 2222 691 2262 suit
699 2235 735 2272 per
742 2222 955 2262 foreueemfaotronem
962 2231 1057 2264 ematusr

89 2282 119 2309 uer
127 2282 189 2320 quum
197 2269 282 2308 eomitre
290 2273 311 2307 et
323 2268 425 2318 Campum
436 2271 536 2320 turbaret,
549 2275 571 2310 et
579 2272 600 2310 iu
613 2273 639 2311 iis
652 2278 734 2320 propter
741 2273 816 2313 nimius
823 2273 877 2312 vireo
888 2273 1034 2324 dominaretur,
1043 2287 1058 2314 ιι

75 2281 105 2360 a.
115 2319 180 2358 Fabio
195 2330 277 2357 censore
290 2317 311 2356 in
320 2323 408 2367 quatuor
420 2321 485 2360 tribus
498 2323 581 2360 redacte
588 2327 628 2371 est,
641 2333 692 2372 quas
700 2322 788 2362 urbanas
801 2321 920 2372 appellavit.
945 2322 1016 2372 anue
1025 2335 1058 2364 res

75 2369 142 2409 Fabio
151 2369 243 2407 Maximo
252 2379 323 2407 nomen
332 2368 396 2408 dedit.
429 2386 486 2418 xvi.
504 2387 574 2432 xvir,
592 2373 638 2420 &e
656 2373 686 2419 ln
696 2372 745 2420 boc
753 2373 812 2420 libro
823 2373 914 2427 mentio
925 2373 1057 2424 Alexandri
1101 2405 1104 2411 -

75 2435 171 2500 Magni,
183 2435 223 2496 qui
243 2434 389 2494 temporibus
406 2432 444 2481 his
462 2434 520 2496 luit;
537 2440 571 2491 et,
590 2435 713 2484 aestimatis
731 2436 814 2496 populi
833 2435 937 2483 Romani
956 2437 1057 2494 viribus,

77 2514 130 2560 quae
142 2504 200 2546 tunc
209 2502 285 2553 eraut,
296 2497 424 2560 colligitur,
442 2498 463 2544 ei
474 2499 611 2547 Alexander
626 2499 652 2546 in
671 2498 765 2547 ltaliam
784 2497 928 2560 trajecisset,
939 2513 990 2546 non
1006 2505 1056 2548 tam

75 2561 173 2610 facilem
184 2563 207 2610 ei
215 2561 339 2616 victoriam
355 2561 385 2607 de
396 2562 487 2624 populo
498 2561 610 2620 Romapo
621 2560 681 2617 lore,
690 2551 765 2622 qudm
780 2561 810 2608 de
822 2561 851 2608 iis
863 2563 986 2624 gentibus,
997 2577 1057 2624 quae

76 2625 241 2740 adagarrieutem
251 2625 351 2686 imperio
363 2638 407 2672 suo
423 2624 566 2686 subjecerat.
601 2630 767 2683 [caer-xum.
789 2637 951 2679 new-449.
964 2652 985 2680 ι.
992 2639 1058 2680 ο.319

468 2784 667 2795 m

117 2905 141 2962 1.
164 2904 324 2968 Ssouruun
345 2905 429 2964 hune,
445 2923 556 2970 annum
574 2903 679 2963 nobilis
693 2903 777 2962 elade
797 2903 935 2964 Romani
948 2902 1093 2978 Caudi-3

79 3003 117 3042 na
148 3003 214 3059 pax,
242 2984 280 3042 Τ.
302 2982 423 3041 Veturio
458 2985 590 3054 Calvino,
626 2985 675 3060 Sp.
691 2983 1046 3052 Postumia-oonsulibus
1071 2989 1085 3033 5¹

79 3062 225 3120 Samnites
238 3082 274 3120 eo
288 3082 364 3120 anno
378 3063 578 3138 imperatorem
592 3063 627 3121 G.
637 3064 784 3137 Pontium,
795 3062 939 3120 Herennii
952 3062 1054 3135 filium,
1071 3043 1091 3131 ,ἓ

78 3142 251 3210 habuerunt,
264 3151 345 3218 patre
357 3142 442 3218 longe
457 3143 680 3218 prudentissimo
699 3153 809 3210 natum,
822 3141 946 3218 primum
960 3140 1056 3216 ipsum
1070 3173 1085 3220 ,μ

78 3220 245 3278 bellatorem
267 3221 437 3312 ducemque.
479 3221 519 3288 Is,
542 3222 591 3278 ubi
614 3221 713 3299 legati,
732 3221 784 3297 qui
797 3221 834 3278 ad
848 3221 996 3278 dedendas
1009 3231 1092 3308 reug

77 3299 159 3359 missi
182 3310 274 3368 erant,
289 3319 362 3376 paee
383 3299 493 3358 rnieotd
510 3301 668 3368 redierunt,
690 3306 709 3333 “
720 3301 769 3358 Ne
783 3300 856 3358 nihil
870 3300 997 3366 aetum‚”
1012 3298 1056 3355 in·
1071 3311 1092 3370 ξε

78 3381 150 3456 quit,
176 3388 195 3415 “
207 3380 263 3437 hae
276 3379 420 3456 legatione
444 3379 598 3447 censeatis,
620 3379 770 3456 expiatum
785 3381 846 3447 est,
867 3377 1005 3454 quidquid
1019 3373 1092 3454 enu

80 3459 325 3534 “foederexrupto
349 3459 456 3516 irarum
477 3457 506 3513 in
528 3476 583 3514 nos
604 3458 765 3516 ooelestium
787 3457 849 3524 fuit.
892 3457 970 3534 Satis
984 3455 1055 3524 seio,

79 3539 338 3616 “quibuscumque
358 3537 424 3596 Diis
436 3535 517 3595 cordi
538 3535 601 3612 fuit,
615 3537 710 3615 subigi
723 3557 777 3596 nos
790 3538 827 3596 ad
851 3535 1056 3594 nenessitatem

45 3649 48 3654 v
79 3619 236 3682 “dedendi
250 3639 306 3687 res,
321 3638 384 3694 quae
406 3635 424 3675 a
446 3616 530 3675 nobie
550 3621 589 3674 ex'
607 3617 715 3675 foedere
735 3617 864 3693 repetite
882 3615 1006 3683 fueraut,
1021 3613 1057 3672 iis
1068 3632 1092 3672 10

79 3705 98 3734 ‘⁴
110 3717 169 3754 non
184 3695 272 3756 fuisse
286 3699 367 3756 cordi
390 3702 450 3756 tam
471 3695 593 3772 superbe
617 3697 653 3752 ab
677 3696 822 3754 Romanis
840 3694 959 3754 foederis
978 3692 1057 3768 expi-

79 3775 237 3834 “ationem
264 3788 398 3853 spretam.
438 3774 522 3838 Quid
545 3774 625 3833 enim
651 3773 726 3846 ultrei
752 3774 815 3833 fieri
837 3775 874 3832 ad
897 3772 1057 3852 placandos
