2556 4314
115 341 184 451 ’ΞΥ
222 407 229 420 ,
263 321 266 326 ’
312 329 316 336 ’
403 357 559 410 rmrom:
584 357 682 442 mom
698 338 810 417 emm.

115 502 178 552 feeit.
215 517 255 552 ιι.
274 499 371 556 occisor
382 501 598 564 monastiria,
610 522 681 572 quum
699 505 818 572 regnaret
835 507 1012 572 snnoerrtgmu
1031 515 1107 558 osto„

116 585 165 618 rur.
187 567 304 620 Successii
324 572 406 620 siser.
422 571 523 630 Tullius,
536 582 610 634 ¹uatus
630 591 661 622 ex
678 574 767 638 captivi
785 576 852 627 nouit
873 571 1042 634 corneolos&
1059 577 1096 624 eui

113 654 193 702 puero,
213 639 286 686 adhue
297 640 320 685 in
332 641 397 688 urnis
413 641 495 705 posito,
505 648 575 704 orput
586 641 789 698 ardsse=trsditum
801 651 844 690 est.
882 658 943 690 xnu-
957 642 1027 692 xurr.
1047 643 1097 693 Vo-

110 707 188 770 jentes
199 711 266 768 atque
281 705 394 756 Btmsom
408 708 490 770 proelio
507 708 574 756 fudit.
607 707 714 759 cenum
732 711 817 773 primur
828 711 884 772 egit
920 708 1032 758 Lustrum
1040 725 1095 759 oon-

116 773 178 829 didit,
198 789 245 835 quo
261 774 344 822 eisitan
355 775 429 840 oipita
439 789 508 828 centa
519 776 636 837 octoginta
644 775 715 838 miliia⁸
726 791 778 824 esso
788 777 900 842 dieantur.
939 775 1031 826 Classes
1042 793 1095 826 oen·

78 850 85 870 ³
116 840 232 903 turiusque
242 841 368 902 descripsit.
405 855 471 888 mv.
491 842 632 890 Pomoerinm
644 840 746 905 protudit.
770 839 850 896 Colles
869 843 925 899 urbi.
946 843 1095 904 Quirinalem

121 909 267 968 viminalem,
281 907 472 970 Esquilinamque
481 909 569 973 adjsdt.
605 925 660 956 xm.
674 909 796 974 Templum
809 911 893 959 Dianae
905 927 957 970 oum
970 909 1059 964 latinis
1071 912 1095 960 in

116 976 234 1024 Aventino
253 975 316 1022 iecit.
365 989 440 1024 xum.
463 992 548 1026 sumar.
578 975 715 1026 Interiectus
735 985 770 1026 ert
788 993 802 1026 a
820 977 849 1026 L.
871 976 1003 1040 Tarquinio,
1023 979 1095 1030 Prisci

12 1085 19 1094 .
114 1043 169 1102 filio.
179 1042 274 1092 consilio
285 1043 338 1090 filiae
350 1058 399 1090 suae
410 1042 502 1101 Tulliae,
521 1060 593 1106 quum
605 1043 724 1108 regnisset
735 1061 807 1094 annos
823 1047 972 1109 quadraginta
988 1050 1092 1108 quatuor.

113 1126 178 1160 xmx.
193 1105 251 1158 Post
261 1111 322 1158 huno
334 1109 363 1158 L.
378 1110 515 1173 Tarquinius
528 1112 649 1174 Superbus,
661 1129 735 1175 neque
743 1113 843 1162 Patruus
849 1129 923 1176 neque
934 1113 1010 1176 populi
1016 1113 1093 1176 jussu,

113 1193 211 1243 regnum
222 1179 384 1240 invasittqquo
396 1179 432 1226 die
450 1179 558 1228 scelerata
576 1179 652 1227 Tullia
671 1196 710 1242 per
721 1180 895 1244 patrisjaeentis
907 1190 989 1243 corpus
1000 1196 1093 1244 oarpen-

113 1253 163 1294 tum
174 1246 230 1308 egit.
267 1244 375 1293 Armatos
386 1245 445 1293 circa
457 1262 482 1293 se
493 1247 521 1294 nd
533 1247 657 1295 custodiam
675 1249 775 1310 corporis
787 1249 821 1296 sui
832 1249 915 1297 habuit.
951 1263 973 1296 1.
988 1262 1019 1296 u.
1032 1247 1094 1298 Tur·

113 1330 169 1366 mun
182 1313 326 1361 Herdonium
337 1313 416 1360 fraude
426 1315 548 1362 interemit.
586 1329 638 1361 nur.
659 1315 751 1362 Bellum
763 1331 816 1362 oum
828 1316 920 1364 Volscis
930 1316 1016 1379 gessit;
1052 1329 1090 1364 nv.
1117 1364 1127 1380 ,

114 1381 149 1431 Et
160 1395 190 1429 ex
201 1393 280 1428 eorum
291 1377 369 1443 praedt
380 1382 489 1444 tempium
501 1380 556 1432 Jovi
573 1382 596 1428 in
610 1380 725 1445 Capitolio
735 1382 798 1430 iecit.
835 1383 958 1431 Terminus
969 1391 993 1431 at
1003 1383 1093 1432 Juven-

109 1457 149 1500 .tas
161 1463 208 1496 non
227 1443 350 1502 addixdrer
368 1463 464 1510 quorum
482 1464 529 1498 arae
548 1451 634 1497 moveri
653 1465 700 1496 non
723 1457 853 1513 potuerunt.
888 1465 937 1498 nrv.
956 1449 1009 1498 mni
1028 1450 1092 1498 Sexti

114 1516 230 1579 Tarquinii
243 1516 295 1564 (blo
316 1515 402 1562 Gabios
420 1517 444 1563 in
463 1523 598 1580 potestatem
611 1533 675 1564 suam
687 1515 775 1580 redigit.
813 1533 861 1566 nvi.
882 1516 960 1579 Hujus
972 1517 1021 1564 filiis
1033 1515 1094 1568 Del·

113 1585 172 1648 phos
182 1583 298 1647 proiectis,
309 1590 333 1630 et
344 1585 519 1641 consulentibus,
532 1586 582 1647 quis
593 1599 672 1632 eorum
685 1592 819 1648 regnaturus
831 1591 892 1634 esset
902 1584 994 1640 Romae,
1007 1583 1092 1632 dietum

113 1660 156 1711 est,
169 1667 221 1700 eum
234 1657 389 1716 regnaturum,
399 1653 436 1714 qui
447 1654 533 1716 primus
542 1659 637 1700 matrem
649 1653 841 1702 oseulatusesset.
879 1652 948 1708 Quod
959 1647 1092 1714 responsura

113 1735 183 1782 quum
195 1720 238 1782 ipsi
255 1719 320 1766 aliter
331 1719 538 1782 interpretarentur,
550 1716 634 1768 Junius
646 1721 741 1778 Brutus,
753 1722 855 1782 quicum
872 1721 900 1768 iis
911 1718 1025 1782 proiectus
1036 1725 1092 1776 erat,

114 1788 244 1852 prolapsum
256 1803 280 1834 se
292 1787 413 1844 simulavit,
425 1795 449 1834 et
460 1794 543 1835 terram
555 1787 670 1836 osculatus
691 1795 738 1836 ests
762 1790 829 1850 idque
839 1789 924 1835 factum
932 1789 986 1848 ejus
997 1793 1093 1833 eventus

114 1857 145 1903 rei
157 1855 319 1917 comprobavit.
356 1853 418 1901 Nam
430 1870 508 1916 quum,
520 1855 656 1916 impotenter
673 1871 698 1902 se
708 1857 817 1918 gerendo,
829 1853 965 1915 Tarquinius
978 1853 1092 1913 Superbus

113 1937 193 1970 omnes
204 1923 228 1967 in
240 1921 316 1968 odium
334 1921 524 1978 suindduxisset3
542 1921 570 1966 nd
583 1922 694 1978 ultimum,
706 1929 798 1982 propter
815 1926 969 1982 expugnatam
980 1916 1092 1966 nocturni

112 1991 136 2039 vi
149 2005 162 2037 a
175 1989 247 2036 sexa
257 1987 305 2034 tilio
320 1989 373 2048 ejus
394 1985 508 2034 Lucretiae
519 1987 648 2048 pudicitiam
670 1990 741 2050 (quae,
753 1995 835 2034 vocato
846 1994 910 2048 patre
921 1987 983 2036 adse
994 1985 1092 2049 Tricipi-

112 2058 160 2104 tino
173 2063 196 2103 et
214 2056 264 2104 viro
284 2052 406 2112 Collatino,
419 2056 537 2111 obtestata,
556 2069 586 2102 ne
596 2055 669 2102 inulta
686 2067 748 2102 mors
760 2055 809 2116 ejus
820 2062 887 2111 estet,
899 2053 972 2102 cultro
984 2069 1009 2102 se
1019 2055 1090 2102 inter-

110 2120 185 2182 emit),
220 2137 271 2172 mx.
290 2122 357 2169 Bruti
377 2119 444 2184 operi
456 2117 555 2170 maxime
575 2123 683 2184 expulsus
699 2128 742 2178 est,
762 2137 832 2184 quum
844 2119 961 2185 regnissot
972 2139 1044 2170 annos
1055 2124 1090 2170 vi·

109 2193 167 2256 giuti
179 2193 286 2254 quinque.
322 2201 360 2238 u.
379 2190 446 2238 Tune
464 2190 569 2238 consules
585 2187 683 2253 primum
699 2190 768 2238 creati
787 2197 842 2238 sunt
861 2189 892 2237 L.
906 2190 990 2239 Junius
1002 2190 1088 2238 Brutus
1149 2214 1151 2217 ·

9 2229 18 2232 --
112 2260 180 2308 etL·
195 2259 332 2321 Tarquinius
345 2256 482 2308 Collatinus.
519 2255 557 2316 [n.
571 2273 592 2305 o.
609 2260 716 2305 1—245.
746 2272 772 2308 Δ.
791 2273 814 2305 c.
829 2259 987 2319 751-5072]
