2556 4314
2 403 3 412 κ
81 363 138 422 124
480 363 552 414 ΤῙΤΙ
568 363 655 413 LlVll

2 515 3 558 1
78 507 273 583 nequidquam
292 516 334 566 tot
347 507 479 566 cladibus
501 506 626 576 territos,
649 525 705 565 nec
729 504 853 564 flexuros
874 505 912 563 ad
936 506 1057 567 deditio·

78 605 146 644 nem
161 588 282 655 animos,
297 587 328 644 ni
343 587 385 646 vis
398 587 600 656 adhiberetu13
615 585 739 662 experiri
749 585 859 653 ultima,
875 594 905 643 et
917 585 1057 665 impetum

2 659 3 742 s
78 664 174 724 facere
196 667 227 724 in
251 684 358 740 arcem,
373 661 510 725 statuunt.
552 665 650 724 Prima
674 665 750 737 luce,
770 663 858 742 signo'
868 664 946 733 dato,
962 665 1058 723 multi·

78 745 148 808 tub
161 744 256 803 omnis
277 746 308 803 in
322 745 383 804 foro
404 745 570 804 instruitur:
593 745 672 818 inde,
686 745 811 803 clamore
826 744 938 802 sublato
952 763 988 802 ac
1003 755 1059 802 tes·

2 875 3 880 ,
76 824 277 898 tudinefactri,
292 825 435 884 subeunt:
458 825 593 890 adversus
614 843 685 899 quos
708 823 837 881 Romani
860 823 932 881 nihil
947 823 1057 882 temere
1079 837 1092 875 ⁵

77 923 134 962 nec
148 905 269 980 trepide,
283 905 320 962 ad
334 924 436 962 omnes
457 904 552 962 aditus
572 902 744 961 stationibus
757 902 886 971 firmatis,
901 903 959 978 qnia
974 903 1059 980 signa

78 982 145 1041 ferri
160 984 305 1058 videbant,
319 985 356 1041 eri
369 985 469 1042 robore
490 983 614 1041 virorum
638 982 768 1058 opposito
789 983 930 1040 scandere
944 983 1057 1040 hostem

77 1062 197 1134 sinuutr
219 1063 276 1138 quo
291 1063 465 1122 successerit
478 1062 571 1138 magis
584 1062 615 1119 in
630 1064 763 1129 arduum,
777 1059 813 1118 ed
825 1060 894 1137 pelli
907 1081 991 1138 posse
1004 1081 1056 1138 per

76 1143 202 1217 proclive
227 1141 339 1200 sacilids
360 1142 423 1200 rati.
465 1141 565 1199 Medio
579 1139 639 1200 sere
658 1141 734 1200 clivo
747 1139 893 1198 restitere:
916 1152 999 1216 atque
1013 1141 1057 1198 in·

2 1217 3 1274 i
76 1221 113 1279 de
127 1241 164 1279 ex
177 1222 241 1280 loco
255 1221 412 1298 superiore,
427 1221 475 1295 qui
496 1219 583 1296 prope
597 1220 650 1278 suri
665 1231 765 1295 sponte
780 1219 811 1276 in
826 1220 937 1277 hostem
950 1219 1055 1290 insere·
1066 1235 1092 1274 ro

2 1352 3 1366 ,
76 1301 135 1374 bat,
162 1301 272 1377 impetu
309 1301 396 1369 facto,
433 1310 527 1376 strage
565 1318 600 1358 ao
639 1299 726 1356 ruina
749 1299 990 1369 fudereGal10s;
1025 1314 1057 1357 ut

1 1368 3 1446 i
76 1399 224 1455 nunquam
251 1390 351 1456 postea
374 1399 430 1438 nec
461 1399 538 1456 pars,
570 1396 627 1436 nec
651 1378 778 1436 universi
801 1379 976 1437 tentaverint
999 1377 1056 1436 tale

2 1451 3 1522 Ῠ
75 1479 181 1536 pugna
204 1479 306 1551 genus.
355 1459 474 1518 Omissis
505 1458 601 1534 itaque
624 1475 675 1534 spe
701 1477 753 1533 per
779 1457 836 1514 vim
864 1469 949 1534 atque
977 1475 1057 1515 arma

76 1540 231 1608 subeundi,
255 1539 435 1598 obsidionem
458 1548 580 1614 parant3
602 1536 686 1614 cujus
709 1537 746 1594 ad
771 1536 800 1594 id
819 1547 933 1614 tempus
954 1537 1058 1595 imme·
1087 1572 1091 1576 -

2 1679 3 1682 ,
75 1607 233 1692 ῶὸῐοεζὶῐ,
247 1619 323 1693 quod
348 1619 378 1677 in
399 1618 470 1676 urbe
495 1617 588 1675 suerat
612 1616 798 1690 frumentum,
816 1615 963 1675 incendiis
976 1615 1056 1676 urbis
1065 1633 1091 1673 15

75 1699 304 1774 absumpserant,
338 1708 368 1756 et
394 1717 431 1756 ex
457 1697 534 1774 agri's
557 1715 608 1773 per
636 1696 713 1772 ipsos
739 1696 802 1753 dios
828 1693 943 1772 raptum
969 1715 1056 1754 omne

76 1777 165 1853 Vejos
186 1788 257 1836 erat.
310 1777 412 1855 Igitur,
434 1776 564 1834 exercitu
589 1775 690 1845 diviso,
714 1775 818 1851 partim
842 1794 893 1852 per
918 1775 1055 1834 finitimos

75 1857 196 1933 populos
228 1858 350 1933 praedari
379 1856 512 1932 placuit,
545 1855 650 1931 partim
692 1854 827 1914 obsidere
868 1872 986 1925 arcem3
1021 1865 1053 1912 nt

75 1936 275 1995 obsidentibus
299 1937 474 1994 frumentum
508 1935 689 2012 populatores
715 1953 849 2011 agrorum
882 1934 1051 2010 preberent

76 2014 297 2073 Proficiscentes
320 2014 419 2073 Gallos
443 2015 480 2072 ab
500 2015 589 2088 Urbe,
611 2015 648 2072 ad
669 2013 834 2072 Romanam
848 2013 1090 2090 experiendamao

76 2093 221 2160 virtutem,
243 2094 372 2152 Fortuna
398 2093 460 2168 ipsa
486 2093 625 2162 Ardeam,
653 2092 704 2151 ubi
724 2093 866 2151 Camillus
892 2092 1053 2162 exsulabat,

76 2172 178 2240 duxit3
193 2171 242 2246 qni
250 2173 382 2230 moestior.
390 2171 430 2230 ibi
444 2172 559 2231 fortuni
570 2172 698 2248 publica,
710 2171 795 2248 quim
808 2171 871 2245 suri,
885 2191 974 2247 quum
988 2171 1054 2230 Diis

77 2250 297 2326 hominibusque
321 2252 494 2310 accusandis
514 2262 688 2322 senesceret,
713 2251 892 2328 indignando
909 2250 1053 2309 mirando-

76 2329 196 2405 que-ubi
217 2329 259 2388 illi
284 2331 335 2388 viri
355 2340 462 2398 essent,
483 2331 532 2406 qni
547 2349 647 2389 secum
660 2330 750 2406 Vejos
763 2329 947 2403 Faleriosque
961 2328 1054 2405 cepis·

75 2418 150 2482 sent,
164 2408 213 2482 qui
228 2409 285 2468 alia
297 2409 373 2467 bella
393 2409 493 2468 sortiris
517 2429 631 2486 semper
650 2409 736 2484 quarn
750 2407 862 2466 felicius
875 2408 1032 2484 gessissent
1044 2427 1052 2477 3
1063 2423 1091 2464 aa

76 2485 196 2564 repente
211 2489 300 2558 audit,
315 2489 463 2548 Gallorum
481 2489 639 2561 exercitum
661 2489 826 2555 adventare,
848 2499 932 2561 atque
957 2485 995 2544 de
1018 2505 1054 2546 eo

76 2568 194 2644 pavidos
208 2568 351 2628 Ardeates
365 2570 546 2628 consultare:
569 2587 625 2627 nec
639 2587 725 2626 secus
738 2565 826 2642 qudm
840 2566 938 2624 divino
952 2566 1053 2643 spiritu

76 2658 181 2722 tactus,
195 2667 282 2723 quum
297 2649 373 2706 sein
396 2648 522 2706 mediam
543 2648 715 2708 concionem
739 2647 895 2714 intulisset,
908 2645 1052 2705 abstinere

77 2737 176 2785 suetus
190 2726 257 2786 ante
272 2728 377 2787 talibus
390 2727 541 2798 conciliisr
563 2720 616 2852 g<

2 2923 7 2935 ·
32 2863 67 2953 ,f
115 2885 227 2943 XLIV.
251 2887 455 2961 “Ardeates”
469 2887 572 2962 inquit,
587 2892 606 2920 “
621 2899 731 2945 veteres
752 2885 849 2954 amici,
874 2884 940 2942 novi
963 2882 1090 2941 etiamn

78 2965 188 3022 “cives
202 2963 269 3031 mei,
284 2967 400 3039 quando
420 2977 450 3024 et
473 2978 597 3025 vestrum
621 2966 799 3025 beneficium
812 2965 853 3023 ita
865 2965 939 3030 tulit,
955 2973 984 3020 et
997 2961 1052 3020 sor-

77 3047 180 3102 “tuua
193 3043 249 3101 boc
271 3044 331 3120 egit
354 3063 429 3119 mea,
450 3064 537 3103 nemo
561 3046 683 3103 vestrum
707 3044 883 3104 conditionis
906 3061 979 3100 meae
1002 3041 1053 3099 ob-

76 3122 190 3180 “litum
213 3141 260 3180 mc
285 3122 343 3181 hnc
364 3124 537 3200 processisse
560 3135 658 3201 putet:
689 3125 740 3182 sed
764 3143 811 3182 res
834 3143 870 3180 ac
891 3120 1054 3198 pericnlum

76 3206 95 3234 “
106 3219 261 3260 commuue
275 3203 363 3280 cogit,
378 3205 453 3279 quod
467 3205 587 3279 quisquo
599 3205 689 3281 possit
702 3205 732 3262 in
746 3222 776 3261 re
790 3201 902 3278 trepida
916 3199 1053 3276 praesidii,

76 3286 94 3314 “
106 3281 138 3338 in
152 3280 280 3340 medium
295 3283 435 3342 conferre.
477 3283 516 3342 Et
529 3284 645 3359 quaudo
658 3303 713 3360 ego
727 3282 806 3340 vobis
826 3301 877 3358 pro
890 3279 979 3337 tantis
992 3296 1054 3335 ves·
1064 3289 1091 3330 35

76 3360 158 3419 “tris
171 3360 202 3418 in
225 3380 272 3420 me
296 3363 405 3421 meritis
426 3364 549 3441 gratiam
573 3363 706 3436 referam,
729 3362 753 3420 si
777 3380 858 3419 nnnc
880 3357 1053 3434 cessugerol

76 3444 95 3474 “
107 3450 157 3499 aut
170 3441 219 3498 ubi
233 3461 303 3499 usus
326 3443 381 3500 erit
402 3444 460 3502 mei
479 3442 570 3514 vobis,
584 3442 608 3498 si
631 3441 661 3499 in
677 3442 752 3499 bello
766 3460 825 3498 uon
839 3430 944 3497 fueriti
987 3437 1054 3494 Hac

77 3531 96 3558 “
108 3531 169 3580 arte
183 3520 213 3578 in
227 3521 320 3597 patriti
343 3522 408 3580 steti
421 3542 429 3592 ;
450 3531 488 3591 et,
503 3521 628 3579 invictus
651 3521 736 3587 bello,
751 3520 781 3578 in
794 3538 868 3596 pace
882 3519 919 3575 ab
933 3515 1054 3593 ingratis

77 3600 219 3660 “civibus
233 3601 332 3676 pulsus
353 3621 427 3660 sum.
469 3598 561 3658 Vobis
584 3610 691 3667 autem,
706 3600 859 3669 Ardeates,
875 3597 990 3656 fortuna
1003 3595 1053 3654 ob·

77 3689 95 3716 ‘⁶
106 3680 165 3737 lata
178 3690 232 3752 est,
246 3690 276 3738 et
297 3700 349 3757 pro
372 3679 460 3738 tantis
479 3677 608 3755 pristinis
630 3679 727 3755 populi
748 3678 877 3736 Romani
892 3673 1052 3746 beneficiis,
1064 3685 1091 3725 so

77 3761 96 3788 “
107 3767 215 3830 quanta
235 3759 290 3833 ipsi
311 3758 482 3815 meministis
505 3755 576 3831 (nec
597 3757 676 3814 enim
690 3757 890 3834 exprobranda
903 3753 980 3830 apud
994 3770 1053 3810 mc·

77 3844 96 3872 “
108 3851 202 3892 mores
215 3837 307 3914 sunt),
321 3837 420 3912 gratiae
441 3835 610 3906 referendas,
625 3845 655 3895 et
679 3828 747 3895 huic
761 3829 825 3894 urbi
840 3836 931 3895 decus
945 3833 1052 3913 iugens
