2520 4310
129 335 190 397 202
530 335 704 419 ‘1'1'r13uv11

71 529 75 547 ,
132 487 259 538 “nostra
280 479 378 557 placet
399 499 498 550 causa,
522 491 589 540 non·
606 481 654 540 alii
676 497 802 555 unquam
828 475 925 536 minda
938 478 1108 557 negligendi

54 552 82 626 d
131 561 152 592 “
166 560 256 632 vobis,
275 560 361 635 quim
385 580 447 628 nos,
462 562 492 639 in
518 560 642 627 hostium
666 569 835 636 potestatem
857 571 1018 616 venerunt:
1046 579 1107 619 non

133 639 243 696 “enim
268 639 297 696 in
323 639 386 698 acie
406 660 457 716 per
481 641 611 699 timorem
633 659 713 697 arma
733 638 921 696 tradidimus:
943 638 1005 710 sed,
1018 658 1109 713 quum

133 720 153 750 ‘'
163 717 252 793 prope
267 719 303 775 ad
318 729 433 778 noctem
447 731 642 796 superstantes
662 717 940 777 cumulis-caesorum
955 736 1109 794 corporum

133 796 296 872 “proelium
318 799 550 872 extraxissemus,
571 800 601 857 iu
626 810 720 856 castra
743 797 906 872 recepimus
929 817 992 854 nos
1042 797 1144 860 Diels

133 876 303 953 “reliquum
326 897 361 934 ac
383 890 497 936 noctem
518 877 727 953 insequentem,
742 877 807 934 sessi
822 876 920 933 labore
935 876 1109 934 acvulneri·

134 957 153 990 “
165 955 228 1023 bus,
243 956 349 1014 vallum
363 975 463 1014 sumus
477 959 568 1015 tutati.
611 958 729 1022 Postero
750 957 807 1022 die,
821 973 910 1030 quum
925 956 1109 1013 circumsessi

135 1041 155 1072 “
166 1034 203 1092 ab
217 1037 347 1092 exercitu
362 1037 468 1094 victore
483 1038 559 1110 aqna
573 1055 747 1102 arceremur,
762 1053 818 1091 nec
832 1034 890 1091 ulla
901 1034 961 1110 jam
975 1054 1025 1110 per
1039 1053 1109 1092 con·

135 1121 155 1150 “
165 1112 251 1170 sartos
266 1116 360 1172 hostes
374 1115 543 1190 erumpendi
566 1135 631 1190 spes
644 1126 730 1181 esset,
746 1132 802 1170 nec
815 1131 879 1169 esse
893 1113 974 1170 nefas
987 1115 1110 1170 ducere·

134 1199 239 1259 “mua
254 1193 461 1270 quinquaginta
484 1194 611 1264 millibus
632 1193 784 1250 hominurn
805 1210 842 1248 ex
863 1193 924 1250 acie
938 1193 1146 1258 nostratim-10
1189 1201 1195 1206 '

134 1277 155 1308 ‘⁶
165 1270 278 1345 cidaris,
293 1273 415 1348 aliquem
428 1273 628 1331 ex'Cannensi
641 1273 741 1348 pugni
751 1272 918 1328 Romanum
931 1272 1049 1328 militem
1063 1290 1109 1328 re·
1164 1273 1167 1280 '

123 1351 258 1420 ·“stare;
279 1363 341 1408 tum
363 1353 479 1410 demum
503 1353 579 1428 pacti
607 1371 706 1408 sumus
732 1351 866 1426 pretium,
888 1370 945 1425 quo
967 1351 1119 1425 redempti,

135 1435 154 1465 ‘⁶
166 1429 393 1488 dimitteremur:
415 1451 504 1499 arma,
520 1432 668 1507 inquibus
688 1430 760 1487 nihil
772 1431 832 1507 jam
847 1430 946 1487 auxilii
960 1441 1032 1497 erat,
1046 1431 1111 1487 hos·

135 1505 184 1566 “'ti
199 1510 378 1568 tradidimus.
420 1511 546 1588 Majores
570 1525 681 1586 quoque
705 1528 913 1586 acceperamus
934 1529 964 1566 se
989 1509 1110 1584 aGallis

52 1659 55 1666 .
135 1595 156 1624 ‘⁶
167 1606 237 1645 auro
251 1590 426 1648 redemisse:
447 1604 477 1647 et
491 1602 584 1666 patres
598 1601 715 1663 vestros,
729 1589 900 1666 asperrimos
915 1588 977 1646 illos
990 1590 1026 1645 ad
1040 1608 1111 1646 cou-
1121 1613 1146 1654 15

136 1667 306 1726 “ditionem
330 1670 419 1745 pacis,
434 1669 550 1746 legatos,
567 1681 662 1727 tamen
684 1671 862 1746 captivorum
876 1669 1110 1726 redimendorum

136 1746 260 1822 “gratia
274 1748 435 1807 Tarentum
459 1750 577 1806 misisse.
620 1749 721 1824 Atqui,
735 1761 764 1806 et
788 1749 823 1806 ad
839 1748 945 1805 Alliam
960 1767 1028 1806 cum
1042 1747 1112 1804 Gal-

136 1827 155 1856 “
166 1825 211 1893 lis,
223 1838 253 1883 et
266 1829 302 1884 ad
324 1828 497 1886 Heracleam
518 1847 585 1886 cum
610 1828 728 1904 Pyrrho,
748 1841 867 1904 utraque
882 1847 939 1885 non
953 1837 1009 1884 tam
1024 1827 1110 1884 clade

136 1904 292 1979 “infamis,
314 1907 400 1982 quarn
424 1927 528 1984 pavore
552 1927 586 1965 ac
610 1908 689 1984 suga,
710 1927 809 1985 pugna
825 1906 891 1985 luit.
937 1906 1111 1963 Cannenses

117 1991 123 2004 ’
138 1990 284 2058 “campos
308 1988 402 2044 acervi
416 1987 616 2045 Romanorum
636 1995 922 2063 corporum'tegunt:
944 2004 999 2042 nec
1013 2003 1148 2060 super-au

137 2063 157 2092 “
168 2080 268 2119 sumus
291 2083 406 2139 pugne,
431 2066 487 2122 nisi
501 2067 530 2123 in
553 2067 657 2142 quibus
671 2068 851 2124 trucidandis
865 2077 894 2122 et
908 2065 1015 2122 ferrum
1028 2077 1057 2121 et
1071 2064 1111 2122 ri·

137 2146 215 2197 “res
239 2141 349 2198 hostem
371 2144 549 2202 defecerunt.
591 2147 667 2203 Sunt
689 2147 778 2203 etiam
801 2147 837 2202 do
861 2144 965 2200 nostris
983 2144 1111 2219 quidam,

138 2220 217 2295 “qui
238 2239 275 2277 ne
300 2221 330 2278 in
352 2222 415 2279 acie
439 2223 555 2298 quidem
565 2225 764 2317 stamparum:
784 2224 844 2290 sed,
860 2222 994 2297 praesidio
1008 2222 1114 2279 castris

139 2305 159 2334 “
170 2297 273 2364 relicti,
297 2319 386 2374 quum
411 2314 504 2359 castra
528 2303 721 2372 traderentur,
745 2305 775 2362 in
795 2311 963 2378 potestatem
986 2301 1115 2357 hostium

139 2383 319 2434 “venerunt
372 2380 461 2439 Haud
482 2382 615 2456 equidem
640 2383 726 2440 ullius
757 2383 828 2439 civis
854 2391 884 2438 et
909 2379 1148 2456 commilitonum

139 2457 158 2487 ‘⁴
169 2449 288 2514 fortunae
302 2469 351 2516 aut
374 2460 533 2518 conditioni
559 2462 692 2532 inrideo;
715 2481 771 2519 nec
793 2459 950 2537 premendo
965 2459 1054 2515 alium
1068 2476 1114 2515 me

140 2542 160 2572 “
171 2536 307 2594 extulisse
330 2539 434 2596 velim:
456 2559 493 2597 ne
515 2540 555 2598 illi
579 2543 696 2615 quidem
720 2540 798 2617 (nisi,
815 2537 994 2616 pernicitatis
1007 2538 1115 2613 pedum

140 2617 200 2673 “et
221 2619 321 2675 cursile
345 2619 458 2695 aliquod
479 2620 628 2696 praemium
639 2619 711 2700 est),
732 2621 781 2695 qui
796 2620 924 2695 plerique
939 2619 1063 2698 inermes
1078 2635 1115 2674 ex

140 2701 160 2752 ‘.‘
171 2695 233 2752 acie
249 2695 403 2772 fugientes,
418 2718 475 2756 nou
489 2699 576 2774 priris,
590 2701 676 2774 quam
692 2700 830 2757 Venusiae
841 2711 891 2757 aut
905 2696 1036 2769 Canusii,
1047 2715 1116 2753 cou-

141 2774 160 2804 “
171 2774 315 2848 stiterunt,
330 2790 360 2832 se
384 2778 468 2847 nobis
493 2778 593 2836 meritd
617 2779 805 2854 praetulerint,
819 2779 989 2854 gloriatique
1002 2777 1068 2841 sint,
1084 2774 1148 2840 insa

141 2858 210 2939 “se¹
227 2853 301 2926 plus,
322 2854 407 2928 quim
430 2857 577 2931 innobis,
600 2855 726 2933 praesidii
750 2858 917 2933 reipublicae
941 2875 1014 2915 esse.
1053 2853 1115 2911 -Sed

141 2930 160 2960 “
171 2929 228 2986 rllrs
241 2941 270 2987 et
286 2931 366 2989 bonis
381 2953 415 2991 ac
430 2935 549 2994 sortibus
570 2937 708 2995 militibus
717 2938 861 3006 vutemini3
883 2949 912 2994 et
925 2935 1008 2996 nobis
1028 2934 1115 2991 etiam
1212 3002 1215 3008 Ι
1244 2959 1245 2966 ¹

142 3015 161 3044 ‘⁶
172 3010 402 3084 promptioribus
414 3033 464 3088 pro
485 3015 587 3090 patria,
612 3017 689 3090 quod
712 3017 855 3078 beneficio
869 3029 962 3074 vestro
976 3011 1116 3087 redempti

142 3088 255 3160 ‘felque
279 3089 309 3146 in
331 3092 451 3166 patriam
476 3095 599 3153 restituti
620 3095 767 3154 fuerimus.
809 3095 963 3153 Deiectum
985 3111 1023 3149 ex
1037 3089 1116 3148 omni

81 3205 87 3218 .
142 3167 256 3223 “aetate
270 3180 299 3226 et
323 3169 434 3233 fortuna
458 3174 589 3231 habetis:
611 3187 677 3233 octo
699 3175 789 3233 millia
812 3194 957 3233 servorum
973 3172 1060 3229 audio
1074 3185 1150 3227 ar-ar

143 3246 263 3305 “mari:
285 3267 343 3306 nou
365 3251 457 3309 minor
478 3271 620 3310 numerus
643 3265 739 3312 noster
763 3265 888 3328 esa-nec
901 3253 1008 3328 majore
1027 3248 1118 3326 pretio

141 3325 276 3384 “redimi
291 3347 451 3403 possumus,
465 3331 551 3406 quim
566 3332 595 3392 hi
609 3345 762 3392 emuntur:
783 3352 851 3390 narn
865 3333 889 3390 si
903 3331 1052 3390 conferam
1066 3347 1119 3400 nos
1172 3356 1175 3362 ¹

143 3400 240 3463 “cum
265 3407 331 3480 illis,
353 3409 486 3485 injuriam
502 3411 613 3467 nomini
634 3413 770 3470 Romano
783 3412 897 3470 faciam.
940 3411 1017 3467 Illud
1031 3408 1119 3465 etiarn

142 3483 204 3542 “in
228 3485 278 3543 tali
302 3489 422 3546 oonsilio
446 3489 733 3570 animadvertendum
756 3492 836 3548 robis
850 3509 998 3557 censeam,
1019 3487 1120 3543 Patres

143 3564 163 3595 “
175 3566 342 3640 conscripti,
355 3565 393 3640 (si
405 3578 500 3627 tamen
516 3567 645 3626 duriores
656 3589 719 3640 esse
730 3571 834 3636 velitis,
845 3570 922 3645 quod
934 3568 1013 3627 nullo
1022 3576 1120 3623 nostro
1129 3576 1154 3617 ⁴⁰

144 3649 165 3678 “
175 3644 278 3702 merito
292 3645 418 3722 faciatis)
440 3645 488 3712 cui
502 3653 555 3705 nos
576 3647 649 3710 hosti
664 3649 791 3707 relicturi
806 3649 875 3709 sitis
918 3643 1120 3723 Pyrrho-ride·

145 3720 165 3754 ⁸‘
175 3719 254 3786 licet,
268 3723 317 3795 qui
341 3721 419 3800 [nos]
436 3723 579 3797 hospitum
599 3745 724 3784 numero
739 3727 838 3785 habuit
852 3726 989 3801 captivos,
1004 3742 1040 3780 an
1055 3722 1122 3779 bar-

145 3800 165 3834 ¹‘
176 3795 246 3858 baro
269 3817 304 3858 ac
320 3799 419 3869 Poeuo,
434 3800 483 3879 qui
497 3802 593 3864 utrum
607 3803 716 3866 avarior
731 3822 768 3864 au
782 3804 926 3867 crudelior
941 3803 1050 3879 siquis
1072 3818 1123 3862 ca·
