<?xml version="1.0" encoding="UTF-8"?>
<!DOCTYPE html PUBLIC "-//W3C//DTD XHTML 1.0 Transitional//EN"
    "http://www.w3.org/TR/xhtml1/DTD/xhtml1-transitional.dtd">
<html xmlns="http://www.w3.org/1999/xhtml" xml:lang="en" lang="en">
 <head>
  <title>
</title>
<meta http-equiv="Content-Type" content="text/html;charset=utf-8" />
  <meta name='ocr-system' content='tesseract 3.04.00' />
  <meta name='ocr-capabilities' content='ocr_page ocr_carea ocr_par ocr_line ocrx_word'/>
</head>
<body>
  <div class='ocr_page' id='page_1' title='image "./historiarumetse03livygoog_0099.png"; bbox 0 0 2556 4314; ppageno 0'>
   <div class='ocr_carea' id='block_1_1' title="bbox 68 314 646 386">
    <p class='ocr_par' dir='ltr' id='par_1_1' title="bbox 68 314 646 386">
     <span class='ocr_line' id='line_1_1' title="bbox 68 314 646 386; baseline 0 -12"><span class='ocrx_word' id='word_1_1' title='bbox 68 323 109 386; x_wconf 75' lang='lat' dir='ltr'>ss</span> <span class='ocrx_word' id='word_1_2' title='bbox 241 314 248 331; x_wconf 91' lang='grc'><em>·</em></span> <span class='ocrx_word' id='word_1_3' title='bbox 471 324 542 374; x_wconf 78' lang='grc' dir='ltr'>τιτι</span> <span class='ocrx_word' id='word_1_4' title='bbox 558 324 646 374; x_wconf 84' lang='lat' dir='ltr'>nrvu</span> 
     </span>
    </p>
   </div>
   <div class='ocr_carea' id='block_1_2' title="bbox 5 464 1124 1032">
    <p class='ocr_par' dir='ltr' id='par_1_2' title="bbox 69 464 1124 623">
     <span class='ocr_line' id='line_1_2' title="bbox 70 464 1124 544; baseline 0.001 -17"><span class='ocrx_word' id='word_1_5' title='bbox 70 475 89 505; x_wconf 83' lang='lat'>‘¹</span> <span class='ocrx_word' id='word_1_6' title='bbox 100 464 199 527; x_wconf 90' lang='lat' dir='ltr'>omnia</span> <span class='ocrx_word' id='word_1_7' title='bbox 210 477 314 544; x_wconf 74' lang='lat' dir='ltr'>preter</span> <span class='ocrx_word' id='word_1_8' title='bbox 327 466 436 525; x_wconf 89' lang='lat' dir='ltr'>bellum</span> <span class='ocrx_word' id='word_1_9' title='bbox 449 466 543 525; x_wconf 87' lang='lat' dir='ltr'>omitti</span> <span class='ocrx_word' id='word_1_10' title='bbox 562 466 696 542; x_wconf 87' lang='lat' dir='ltr'>placere:</span> <span class='ocrx_word' id='word_1_11' title='bbox 717 465 801 542; x_wconf 88' lang='lat' dir='ltr'>cujus</span> <span class='ocrx_word' id='word_1_12' title='bbox 814 465 838 524; x_wconf 90' lang='lat' dir='ltr'>si</span> <span class='ocrx_word' id='word_1_13' title='bbox 853 464 926 526; x_wconf 75' lang='lat' dir='ltr'>falsi&gt;</span> <span class='ocrx_word' id='word_1_14' title='bbox 940 465 1047 528; x_wconf 84' lang='lat' dir='ltr'>famam</span> <span class='ocrx_word' id='word_1_15' title='bbox 1117 527 1124 537; x_wconf 65' lang='lat'>,</span> 
     </span>
     <span class='ocr_line' id='line_1_3' title="bbox 69 543 1047 623; baseline 0.003 -18"><span class='ocrx_word' id='word_1_16' title='bbox 69 556 89 584; x_wconf 78' lang='lat'>¹⁸</span> <span class='ocrx_word' id='word_1_17' title='bbox 100 547 255 623; x_wconf 82' lang='lat' dir='ltr'>vulgatam,</span> <span class='ocrx_word' id='word_1_18' title='bbox 270 565 400 621; x_wconf 86' lang='lat' dir='ltr'>vanaque</span> <span class='ocrx_word' id='word_1_19' title='bbox 415 565 473 604; x_wconf 91' lang='lat' dir='ltr'>non</span> <span class='ocrx_word' id='word_1_20' title='bbox 487 545 605 603; x_wconf 88' lang='lat' dir='ltr'>nuntios</span> <span class='ocrx_word' id='word_1_21' title='bbox 619 543 723 618; x_wconf 83' lang='lat' dir='ltr'>solirm,</span> <span class='ocrx_word' id='word_1_22' title='bbox 737 546 788 604; x_wconf 93' lang='lat' dir='ltr'>sed</span> <span class='ocrx_word' id='word_1_23' title='bbox 810 545 1047 608; x_wconf 84' lang='lat' dir='ltr'>Tusculanorum</span> 
     </span>
    </p>

    <p class='ocr_par' dir='ltr' id='par_1_3' title="bbox 5 624 1048 702">
     <span class='ocr_line' id='line_1_4' title="bbox 5 624 1048 702; baseline 0.002 -18"><span class='ocrx_word' id='word_1_24' title='bbox 5 633 6 636; x_wconf 75' lang='grc'>’</span> <span class='ocrx_word' id='word_1_25' title='bbox 70 635 90 664; x_wconf 86' lang='grc'>“</span> <span class='ocrx_word' id='word_1_26' title='bbox 102 626 189 684; x_wconf 87' lang='lat' dir='ltr'>etiam</span> <span class='ocrx_word' id='word_1_27' title='bbox 203 627 323 702; x_wconf 88' lang='lat' dir='ltr'>legatos,</span> <span class='ocrx_word' id='word_1_28' title='bbox 338 625 467 683; x_wconf 88' lang='lat' dir='ltr'>attulisse</span> <span class='ocrx_word' id='word_1_29' title='bbox 477 634 590 700; x_wconf 89' lang='lat' dir='ltr'>putent,</span> <span class='ocrx_word' id='word_1_30' title='bbox 605 625 799 700; x_wconf 68' lang='lat' dir='ltr'>speculatores</span> <span class='ocrx_word' id='word_1_31' title='bbox 808 624 964 684; x_wconf 90' lang='lat' dir='ltr'>mittendos</span> <span class='ocrx_word' id='word_1_32' title='bbox 978 647 1048 686; x_wconf 89' lang='lat' dir='ltr'>cen-</span> 
     </span>
    </p>

    <p class='ocr_par' dir='ltr' id='par_1_4' title="bbox 68 703 1084 1032">
     <span class='ocr_line' id='line_1_5' title="bbox 69 703 1049 781; baseline 0.003 -19"><span class='ocrx_word' id='word_1_33' title='bbox 69 713 88 744; x_wconf 84' lang='lat'><strong>“</strong></span> <span class='ocrx_word' id='word_1_34' title='bbox 100 723 174 778; x_wconf 87' lang='lat' dir='ltr'>sere,</span> <span class='ocrx_word' id='word_1_35' title='bbox 188 705 237 780; x_wconf 92' lang='lat' dir='ltr'>qui</span> <span class='ocrx_word' id='word_1_36' title='bbox 258 705 364 764; x_wconf 77' lang='lat' dir='ltr'>certius</span> <span class='ocrx_word' id='word_1_37' title='bbox 387 705 533 781; x_wconf 88' lang='lat' dir='ltr'>explorata</span> <span class='ocrx_word' id='word_1_38' title='bbox 556 704 691 762; x_wconf 84' lang='lat' dir='ltr'>referant.</span> <span class='ocrx_word' id='word_1_39' title='bbox 733 704 786 762; x_wconf 86' lang='lat' dir='ltr'>Sin</span> <span class='ocrx_word' id='word_1_40' title='bbox 807 703 880 762; x_wconf 86' lang='lat' dir='ltr'>fides</span> <span class='ocrx_word' id='word_1_41' title='bbox 893 715 924 763; x_wconf 89' lang='lat' dir='ltr'>et</span> <span class='ocrx_word' id='word_1_42' title='bbox 936 707 1049 765; x_wconf 90' lang='lat' dir='ltr'>nuntiis</span> 
     </span>
     <span class='ocr_line' id='line_1_6' title="bbox 69 784 1084 862; baseline 0.002 -20"><span class='ocrx_word' id='word_1_43' title='bbox 69 793 129 842; x_wconf 88' lang='lat' dir='ltr'>“et</span> <span class='ocrx_word' id='word_1_44' title='bbox 149 784 252 860; x_wconf 88' lang='lat' dir='ltr'>legatis</span> <span class='ocrx_word' id='word_1_45' title='bbox 275 785 424 852; x_wconf 81' lang='lat' dir='ltr'>habeatur,</span> <span class='ocrx_word' id='word_1_46' title='bbox 446 784 592 842; x_wconf 89' lang='lat' dir='ltr'>delectum</span> <span class='ocrx_word' id='word_1_47' title='bbox 616 785 709 860; x_wconf 92' lang='lat' dir='ltr'>primo</span> <span class='ocrx_word' id='word_1_48' title='bbox 726 803 839 859; x_wconf 88' lang='lat' dir='ltr'>quoque</span> <span class='ocrx_word' id='word_1_49' title='bbox 853 793 983 862; x_wconf 85' lang='lat' dir='ltr'>tempore</span> <span class='ocrx_word' id='word_1_50' title='bbox 998 788 1049 846; x_wconf 89' lang='lat' dir='ltr'>ha·</span> <span class='ocrx_word' id='word_1_51' title='bbox 1070 804 1084 844; x_wconf 82' lang='lat' dir='ltr'>s</span> 
     </span>
     <span class='ocr_line' id='line_1_7' title="bbox 68 863 1048 940; baseline 0.003 -18"><span class='ocrx_word' id='word_1_52' title='bbox 68 863 160 922; x_wconf 85' lang='lat' dir='ltr'>“beri</span> <span class='ocrx_word' id='word_1_53' title='bbox 171 882 179 934; x_wconf 93' lang='lat'>;</span> <span class='ocrx_word' id='word_1_54' title='bbox 201 864 390 937; x_wconf 89' lang='lat' dir='ltr'>decemviros,</span> <span class='ocrx_word' id='word_1_55' title='bbox 411 865 467 940; x_wconf 84' lang='lat' dir='ltr'>qud</span> <span class='ocrx_word' id='word_1_56' title='bbox 492 864 597 938; x_wconf 88' lang='lat' dir='ltr'>cuique</span> <span class='ocrx_word' id='word_1_57' title='bbox 622 883 722 922; x_wconf 90' lang='lat' dir='ltr'>eorum</span> <span class='ocrx_word' id='word_1_58' title='bbox 744 863 885 938; x_wconf 83' lang='lat' dir='ltr'>videatur,</span> <span class='ocrx_word' id='word_1_59' title='bbox 899 866 1048 926; x_wconf 84' lang='lat' dir='ltr'>exercitus</span> 
     </span>
     <span class='ocr_line' id='line_1_8' title="bbox 69 942 657 1032; baseline 0 -31"><span class='ocrx_word' id='word_1_60' title='bbox 69 952 88 981; x_wconf 83' lang='lat'>‘⁶</span> <span class='ocrx_word' id='word_1_61' title='bbox 100 943 207 1004; x_wconf 88' lang='lat' dir='ltr'>ducere</span> <span class='ocrx_word' id='word_1_62' title='bbox 219 963 228 1015; x_wconf 72' lang='grc' dir='ltr'><strong>ς</strong></span> <span class='ocrx_word' id='word_1_63' title='bbox 249 964 306 1004; x_wconf 92' lang='lat' dir='ltr'>nec</span> <span class='ocrx_word' id='word_1_64' title='bbox 319 963 380 1002; x_wconf 87' lang='lat' dir='ltr'>rem</span> <span class='ocrx_word' id='word_1_65' title='bbox 395 944 481 1002; x_wconf 90' lang='lat' dir='ltr'>aliam</span> <span class='ocrx_word' id='word_1_66' title='bbox 493 942 657 1032; x_wconf 67' lang='lat' dir='ltr'>praeverti.”</span> 
     </span>
    </p>
   </div>
   <div class='ocr_carea' id='block_1_3' title="bbox 9 1101 1136 3894">
    <p class='ocr_par' dir='ltr' id='par_1_5' title="bbox 9 1101 1117 2214">
     <span class='ocr_line' id='line_1_9' title="bbox 106 1101 1046 1178; baseline 0 -16"><span class='ocrx_word' id='word_1_67' title='bbox 106 1103 188 1162; x_wconf 86' lang='lat' dir='ltr'>XLI.</span> <span class='ocrx_word' id='word_1_68' title='bbox 210 1103 247 1161; x_wconf 90' lang='lat' dir='ltr'>In</span> <span class='ocrx_word' id='word_1_69' title='bbox 271 1103 347 1168; x_wconf 88' lang='lat' dir='ltr'>hanc</span> <span class='ocrx_word' id='word_1_70' title='bbox 371 1102 545 1161; x_wconf 83' lang='lat' dir='ltr'>sententiam</span> <span class='ocrx_word' id='word_1_71' title='bbox 565 1112 598 1170; x_wconf 84' lang='lat' dir='ltr'>ut</span> <span class='ocrx_word' id='word_1_72' title='bbox 619 1101 828 1175; x_wconf 78' lang='lat' dir='ltr'>discederetur,</span> <span class='ocrx_word' id='word_1_73' title='bbox 850 1101 977 1178; x_wconf 90' lang='lat' dir='ltr'>juniores</span> <span class='ocrx_word' id='word_1_74' title='bbox 992 1102 1046 1162; x_wconf 90' lang='lat' dir='ltr'>Pa-</span> 
     </span>
     <span class='ocr_line' id='line_1_10' title="bbox 65 1181 1046 1242; baseline -0.002 0"><span class='ocrx_word' id='word_1_75' title='bbox 65 1193 143 1242; x_wconf 87' lang='lat' dir='ltr'>trum</span> <span class='ocrx_word' id='word_1_76' title='bbox 156 1183 337 1242; x_wconf 81' lang='lat' dir='ltr'>evincebant</span> <span class='ocrx_word' id='word_1_77' title='bbox 379 1182 549 1242; x_wconf 89' lang='lat' dir='ltr'>Ferociores</span> <span class='ocrx_word' id='word_1_78' title='bbox 571 1182 675 1241; x_wconf 90' lang='lat' dir='ltr'>iterum</span> <span class='ocrx_word' id='word_1_79' title='bbox 697 1181 789 1240; x_wconf 87' lang='lat' dir='ltr'>coorti</span> <span class='ocrx_word' id='word_1_80' title='bbox 803 1181 938 1242; x_wconf 87' lang='lat' dir='ltr'>Valerius</span> <span class='ocrx_word' id='word_1_81' title='bbox 953 1181 1046 1240; x_wconf 87' lang='lat' dir='ltr'>Hora·</span> 
     </span>
     <span class='ocr_line' id='line_1_11' title="bbox 66 1261 1110 1338; baseline 0.001 -17"><span class='ocrx_word' id='word_1_82' title='bbox 66 1261 180 1338; x_wconf 85' lang='lat' dir='ltr'>tiusque</span> <span class='ocrx_word' id='word_1_83' title='bbox 194 1263 354 1330; x_wconf 84' lang='lat' dir='ltr'>vociferari,</span> <span class='ocrx_word' id='word_1_84' title='bbox 370 1267 388 1295; x_wconf 89' lang='lat'><strong><em>“</em></strong></span> <span class='ocrx_word' id='word_1_85' title='bbox 401 1273 432 1320; x_wconf 88' lang='lat' dir='ltr'>ut</span> <span class='ocrx_word' id='word_1_86' title='bbox 445 1263 482 1321; x_wconf 91' lang='lat' dir='ltr'>de</span> <span class='ocrx_word' id='word_1_87' title='bbox 503 1263 651 1338; x_wconf 76' lang='lat' dir='ltr'>republicd</span> <span class='ocrx_word' id='word_1_88' title='bbox 665 1261 767 1320; x_wconf 91' lang='lat' dir='ltr'>liceret</span> <span class='ocrx_word' id='word_1_89' title='bbox 781 1262 896 1320; x_wconf 80' lang='lat' dir='ltr'>dicere:</span> <span class='ocrx_word' id='word_1_90' title='bbox 918 1261 1046 1334; x_wconf 80' lang='lat' dir='ltr'>dicturos</span> <span class='ocrx_word' id='word_1_91' title='bbox 1056 1281 1082 1322; x_wconf 87' lang='lat'>10</span> <span class='ocrx_word' id='word_1_92' title='bbox 1106 1307 1110 1315; x_wconf 87' lang='lat'>.</span> 
     </span>
     <span class='ocr_line' id='line_1_12' title="bbox 67 1334 1046 1424; baseline 0.001 -25"><span class='ocrx_word' id='word_1_93' title='bbox 67 1343 132 1400; x_wconf 89' lang='lat' dir='ltr'>“ad</span> <span class='ocrx_word' id='word_1_94' title='bbox 145 1343 293 1419; x_wconf 88' lang='lat' dir='ltr'>populum,</span> <span class='ocrx_word' id='word_1_95' title='bbox 307 1343 331 1400; x_wconf 88' lang='lat' dir='ltr'>si</span> <span class='ocrx_word' id='word_1_96' title='bbox 345 1343 493 1424; x_wconf 84' lang='lat' dir='ltr'>insenatu</span> <span class='ocrx_word' id='word_1_97' title='bbox 512 1360 563 1419; x_wconf 90' lang='lat' dir='ltr'>per</span> <span class='ocrx_word' id='word_1_98' title='bbox 577 1341 734 1400; x_wconf 87' lang='lat' dir='ltr'>factionem</span> <span class='ocrx_word' id='word_1_99' title='bbox 748 1361 807 1400; x_wconf 93' lang='lat' dir='ltr'>non</span> <span class='ocrx_word' id='word_1_100' title='bbox 822 1334 928 1400; x_wconf 78' lang='lat' dir='ltr'>liceat:</span> <span class='ocrx_word' id='word_1_101' title='bbox 950 1361 1046 1418; x_wconf 88' lang='lat' dir='ltr'>neque</span> 
     </span>
     <span class='ocr_line' id='line_1_13' title="bbox 66 1421 1048 1498; baseline 0 -18"><span class='ocrx_word' id='word_1_102' title='bbox 66 1425 86 1454; x_wconf 87' lang='lat'><strong>“</strong></span> <span class='ocrx_word' id='word_1_103' title='bbox 95 1422 173 1480; x_wconf 89' lang='lat' dir='ltr'>enirn</span> <span class='ocrx_word' id='word_1_104' title='bbox 188 1423 242 1480; x_wconf 89' lang='lat' dir='ltr'>sibi</span> <span class='ocrx_word' id='word_1_105' title='bbox 256 1423 389 1498; x_wconf 83' lang='lat' dir='ltr'>privatos,</span> <span class='ocrx_word' id='word_1_106' title='bbox 404 1432 454 1480; x_wconf 89' lang='lat' dir='ltr'>aut</span> <span class='ocrx_word' id='word_1_107' title='bbox 477 1422 508 1480; x_wconf 93' lang='lat' dir='ltr'>in</span> <span class='ocrx_word' id='word_1_108' title='bbox 529 1422 609 1480; x_wconf 70' lang='lat' dir='ltr'>curii</span> <span class='ocrx_word' id='word_1_109' title='bbox 624 1421 717 1479; x_wconf 89' lang='lat' dir='ltr'>autin</span> <span class='ocrx_word' id='word_1_110' title='bbox 731 1421 984 1497; x_wconf 54' lang='lat' dir='ltr'>concionefposse</span> <span class='ocrx_word' id='word_1_111' title='bbox 997 1422 1048 1481; x_wconf 90' lang='lat' dir='ltr'>ob-</span> 
     </span>
     <span class='ocr_line' id='line_1_14' title="bbox 65 1501 1045 1578; baseline 0.001 -20"><span class='ocrx_word' id='word_1_112' title='bbox 65 1508 85 1538; x_wconf 87' lang='lat'><strong>“</strong></span> <span class='ocrx_word' id='word_1_113' title='bbox 97 1511 189 1572; x_wconf 89' lang='lat' dir='ltr'>stare;</span> <span class='ocrx_word' id='word_1_114' title='bbox 205 1520 299 1577; x_wconf 90' lang='lat' dir='ltr'>neque</span> <span class='ocrx_word' id='word_1_115' title='bbox 313 1522 344 1560; x_wconf 90' lang='lat' dir='ltr'>se</span> <span class='ocrx_word' id='word_1_116' title='bbox 358 1501 538 1578; x_wconf 82' lang='lat' dir='ltr'>imaginariis</span> <span class='ocrx_word' id='word_1_117' title='bbox 552 1501 680 1560; x_wconf 84' lang='lat' dir='ltr'>fascibus</span> <span class='ocrx_word' id='word_1_118' title='bbox 690 1520 790 1560; x_wconf 89' lang='lat' dir='ltr'>eorum</span> <span class='ocrx_word' id='word_1_119' title='bbox 804 1521 937 1564; x_wconf 89' lang='lat' dir='ltr'>cessuros</span> <span class='ocrx_word' id='word_1_120' title='bbox 951 1502 1045 1559; x_wconf 88' lang='lat' dir='ltr'>esse.&#39;&#39;</span> 
     </span>
     <span class='ocr_line' id='line_1_15' title="bbox 65 1579 1046 1658; baseline 0.001 -20"><span class='ocrx_word' id='word_1_121' title='bbox 65 1579 146 1638; x_wconf 90' lang='lat' dir='ltr'>Tum</span> <span class='ocrx_word' id='word_1_122' title='bbox 160 1581 283 1657; x_wconf 89' lang='lat' dir='ltr'>Appius,</span> <span class='ocrx_word' id='word_1_123' title='bbox 294 1581 354 1658; x_wconf 85' lang='lat' dir='ltr'>jam</span> <span class='ocrx_word' id='word_1_124' title='bbox 377 1581 466 1658; x_wconf 75' lang='lat' dir='ltr'>prope</span> <span class='ocrx_word' id='word_1_125' title='bbox 488 1600 551 1639; x_wconf 87' lang='lat' dir='ltr'>esse</span> <span class='ocrx_word' id='word_1_126' title='bbox 576 1592 664 1649; x_wconf 86' lang='lat' dir='ltr'>ratus,</span> <span class='ocrx_word' id='word_1_127' title='bbox 679 1591 721 1655; x_wconf 89' lang='lat' dir='ltr'>ut,</span> <span class='ocrx_word' id='word_1_128' title='bbox 735 1581 767 1639; x_wconf 91' lang='lat' dir='ltr'>ni</span> <span class='ocrx_word' id='word_1_129' title='bbox 787 1581 931 1640; x_wconf 75' lang='lat' dir='ltr'>violentia</span> <span class='ocrx_word' id='word_1_130' title='bbox 945 1600 1046 1639; x_wconf 90' lang='lat' dir='ltr'>eorum</span> 
     </span>
     <span class='ocr_line' id='line_1_16' title="bbox 63 1659 1117 1740; baseline 0.003 -23"><span class='ocrx_word' id='word_1_131' title='bbox 63 1659 125 1736; x_wconf 89' lang='lat' dir='ltr'>pari</span> <span class='ocrx_word' id='word_1_132' title='bbox 157 1661 337 1720; x_wconf 88' lang='lat' dir='ltr'>resisteretur</span> <span class='ocrx_word' id='word_1_133' title='bbox 361 1662 495 1734; x_wconf 75' lang='lat' dir='ltr'>audaciai,</span> <span class='ocrx_word' id='word_1_134' title='bbox 515 1661 624 1720; x_wconf 87' lang='lat' dir='ltr'>victum</span> <span class='ocrx_word' id='word_1_135' title='bbox 646 1661 800 1737; x_wconf 92' lang='lat' dir='ltr'>imperium</span> <span class='ocrx_word' id='word_1_136' title='bbox 824 1672 911 1733; x_wconf 89' lang='lat' dir='ltr'>esset,</span> <span class='ocrx_word' id='word_1_137' title='bbox 944 1660 1083 1720; x_wconf 78' lang='lat' dir='ltr'>“Nonrc</span> <span class='ocrx_word' id='word_1_138' title='bbox 1110 1731 1117 1740; x_wconf 24' lang='grc' dir='ltr'><strong>ι</strong></span> 
     </span>
     <span class='ocr_line' id='line_1_17' title="bbox 65 1739 1044 1816; baseline 0.001 -19"><span class='ocrx_word' id='word_1_139' title='bbox 65 1739 150 1798; x_wconf 87' lang='lat' dir='ltr'>“erit</span> <span class='ocrx_word' id='word_1_140' title='bbox 173 1740 310 1809; x_wconf 90' lang='lat' dir='ltr'>melius‚‘&#39;</span> <span class='ocrx_word' id='word_1_141' title='bbox 331 1741 434 1816; x_wconf 90' lang='lat' dir='ltr'>inquit,</span> <span class='ocrx_word' id='word_1_142' title='bbox 467 1740 555 1798; x_wconf 87' lang='lat' dir='ltr'>“nisi</span> <span class='ocrx_word' id='word_1_143' title='bbox 579 1741 616 1799; x_wconf 93' lang='lat' dir='ltr'>de</span> <span class='ocrx_word' id='word_1_144' title='bbox 640 1743 697 1816; x_wconf 89' lang='lat' dir='ltr'>qiro</span> <span class='ocrx_word' id='word_1_145' title='bbox 722 1740 914 1815; x_wconf 91' lang='lat' dir='ltr'>consulimus,</span> <span class='ocrx_word' id='word_1_146' title='bbox 943 1759 1044 1799; x_wconf 84' lang='lat' dir='ltr'>vocem</span> 
     </span>
     <span class='ocr_line' id='line_1_18' title="bbox 66 1818 1044 1897; baseline 0.001 -20"><span class='ocrx_word' id='word_1_147' title='bbox 66 1818 207 1878; x_wconf 87' lang='lat' dir='ltr'>“misisse</span> <span class='ocrx_word' id='word_1_148' title='bbox 220 1840 227 1878; x_wconf 74' lang='grc' dir='ltr'><strong>ε</strong></span> <span class='ocrx_word' id='word_1_149' title='bbox 238 1821 255 1848; x_wconf 88' lang='grc'>”</span> <span class='ocrx_word' id='word_1_150' title='bbox 277 1830 306 1878; x_wconf 87' lang='lat' dir='ltr'>et</span> <span class='ocrx_word' id='word_1_151' title='bbox 320 1821 357 1878; x_wconf 87' lang='lat' dir='ltr'>ad</span> <span class='ocrx_word' id='word_1_152' title='bbox 371 1820 532 1893; x_wconf 86' lang='lat' dir='ltr'>Valerium,</span> <span class='ocrx_word' id='word_1_153' title='bbox 556 1823 717 1896; x_wconf 81' lang='lat' dir='ltr'>negantem</span> <span class='ocrx_word' id='word_1_154' title='bbox 734 1840 765 1880; x_wconf 92' lang='lat' dir='ltr'>se</span> <span class='ocrx_word' id='word_1_155' title='bbox 779 1821 888 1897; x_wconf 88' lang='lat' dir='ltr'>privato</span> <span class='ocrx_word' id='word_1_156' title='bbox 911 1820 1044 1895; x_wconf 86' lang='lat' dir='ltr'>reticere,</span> 
     </span>
     <span class='ocr_line' id='line_1_19' title="bbox 64 1897 1044 1976; baseline 0.001 -21"><span class='ocrx_word' id='word_1_157' title='bbox 64 1897 196 1958; x_wconf 86' lang='lat' dir='ltr'>lictorem</span> <span class='ocrx_word' id='word_1_158' title='bbox 219 1900 361 1958; x_wconf 83' lang='lat' dir='ltr'>accedere</span> <span class='ocrx_word' id='word_1_159' title='bbox 373 1900 467 1976; x_wconf 78' lang='lat' dir='ltr'>jussit</span> <span class='ocrx_word' id='word_1_160' title='bbox 508 1899 576 1956; x_wconf 88' lang='lat' dir='ltr'>Jam</span> <span class='ocrx_word' id='word_1_161' title='bbox 596 1899 758 1962; x_wconf 79' lang='lat' dir='ltr'>Quiritium</span> <span class='ocrx_word' id='word_1_162' title='bbox 772 1900 858 1958; x_wconf 90' lang='lat' dir='ltr'>fidem</span> <span class='ocrx_word' id='word_1_163' title='bbox 872 1898 1044 1975; x_wconf 81' lang='lat' dir='ltr'>implorante</span> 
     </span>
     <span class='ocr_line' id='line_1_20' title="bbox 9 1975 1045 2056; baseline 0 -21"><span class='ocrx_word' id='word_1_164' title='bbox 9 2040 15 2052; x_wconf 48' lang='grc'><strong>,</strong></span> <span class='ocrx_word' id='word_1_165' title='bbox 65 1975 183 2036; x_wconf 83' lang='lat' dir='ltr'>Valerio</span> <span class='ocrx_word' id='word_1_166' title='bbox 207 1997 225 2036; x_wconf 91' lang='lat' dir='ltr'>a</span> <span class='ocrx_word' id='word_1_167' title='bbox 247 1979 335 2037; x_wconf 77' lang='lat' dir='ltr'>curiae</span> <span class='ocrx_word' id='word_1_168' title='bbox 349 1979 460 2048; x_wconf 90' lang='lat' dir='ltr'>limine,</span> <span class='ocrx_word' id='word_1_169' title='bbox 483 1978 517 2036; x_wconf 91' lang='lat' dir='ltr'>L.</span> <span class='ocrx_word' id='word_1_170' title='bbox 543 1978 697 2038; x_wconf 85' lang='lat' dir='ltr'>Cornelius</span> <span class='ocrx_word' id='word_1_171' title='bbox 720 1981 890 2056; x_wconf 86' lang='lat' dir='ltr'>complexus</span> <span class='ocrx_word' id='word_1_172' title='bbox 904 1979 1045 2054; x_wconf 85' lang='lat' dir='ltr'>Appium,</span> 
     </span>
     <span class='ocr_line' id='line_1_21' title="bbox 64 2057 1084 2133; baseline 0.002 -19"><span class='ocrx_word' id='word_1_173' title='bbox 64 2073 124 2117; x_wconf 87' lang='lat' dir='ltr'>non</span> <span class='ocrx_word' id='word_1_174' title='bbox 138 2057 186 2115; x_wconf 94' lang='lat' dir='ltr'>cui</span> <span class='ocrx_word' id='word_1_175' title='bbox 197 2057 351 2116; x_wconf 89' lang='lat' dir='ltr'>simulabat</span> <span class='ocrx_word' id='word_1_176' title='bbox 372 2057 561 2127; x_wconf 86' lang='lat' dir='ltr'>consulendo,</span> <span class='ocrx_word' id='word_1_177' title='bbox 587 2059 703 2117; x_wconf 89' lang='lat' dir='ltr'>diremit</span> <span class='ocrx_word' id='word_1_178' title='bbox 720 2069 889 2117; x_wconf 89' lang='lat' dir='ltr'>certamen:</span> <span class='ocrx_word' id='word_1_179' title='bbox 912 2057 1084 2133; x_wconf 73' lang='lat' dir='ltr'>factiquem</span> 
     </span>
     <span class='ocr_line' id='line_1_22' title="bbox 64 2136 1047 2214; baseline 0.002 -20"><span class='ocrx_word' id='word_1_180' title='bbox 64 2153 116 2212; x_wconf 89' lang='lat' dir='ltr'>per</span> <span class='ocrx_word' id='word_1_181' title='bbox 130 2136 299 2196; x_wconf 86' lang='lat' dir='ltr'>Cornelium</span> <span class='ocrx_word' id='word_1_182' title='bbox 323 2137 441 2196; x_wconf 89' lang='lat' dir='ltr'>Valerio</span> <span class='ocrx_word' id='word_1_183' title='bbox 464 2137 583 2195; x_wconf 92' lang='lat' dir='ltr'>dicendi</span> <span class='ocrx_word' id='word_1_184' title='bbox 605 2138 708 2214; x_wconf 81' lang='lat' dir='ltr'>gratid,</span> <span class='ocrx_word' id='word_1_185' title='bbox 723 2157 787 2212; x_wconf 81' lang='lat' dir='ltr'>quae</span> <span class='ocrx_word' id='word_1_186' title='bbox 801 2138 896 2205; x_wconf 79' lang='lat' dir='ltr'>vellet,</span> <span class='ocrx_word' id='word_1_187' title='bbox 911 2157 999 2213; x_wconf 88' lang='lat' dir='ltr'>quum</span> <span class='ocrx_word' id='word_1_188' title='bbox 1013 2137 1047 2196; x_wconf 91' lang='lat' dir='ltr'>li·</span> 
     </span>
    </p>

    <p class='ocr_par' dir='ltr' id='par_1_6' title="bbox 28 2215 1136 3894">
     <span class='ocr_line' id='line_1_23' title="bbox 28 2215 1045 2295; baseline -0.001 -20"><span class='ocrx_word' id='word_1_189' title='bbox 28 2279 46 2295; x_wconf 43' lang='grc' dir='ltr'>Η</span> <span class='ocrx_word' id='word_1_190' title='bbox 66 2215 161 2275; x_wconf 89' lang='lat' dir='ltr'>bertas</span> <span class='ocrx_word' id='word_1_191' title='bbox 184 2236 243 2276; x_wconf 90' lang='lat' dir='ltr'>non</span> <span class='ocrx_word' id='word_1_192' title='bbox 267 2217 342 2277; x_wconf 91' lang='lat' dir='ltr'>ultra</span> <span class='ocrx_word' id='word_1_193' title='bbox 365 2235 466 2276; x_wconf 87' lang='lat' dir='ltr'>vocem</span> <span class='ocrx_word' id='word_1_194' title='bbox 488 2217 673 2289; x_wconf 86' lang='lat' dir='ltr'>excessisset,</span> <span class='ocrx_word' id='word_1_195' title='bbox 689 2217 854 2274; x_wconf 87' lang='lat' dir='ltr'>decemviri</span> <span class='ocrx_word' id='word_1_196' title='bbox 868 2217 1045 2292; x_wconf 89' lang='lat' dir='ltr'>propositum</span> 
     </span>
     <span class='ocr_line' id='line_1_24' title="bbox 41 2293 1136 2372; baseline -0.004 -17"><span class='ocrx_word' id='word_1_197' title='bbox 41 2306 45 2324; x_wconf 82' lang='lat'><em>¹</em></span> <span class='ocrx_word' id='word_1_198' title='bbox 64 2298 194 2355; x_wconf 75' lang='lat' dir='ltr'>tenuere.</span> <span class='ocrx_word' id='word_1_199' title='bbox 236 2293 411 2354; x_wconf 71' lang='lat' dir='ltr'>Consulares</span> <span class='ocrx_word' id='word_1_200' title='bbox 431 2314 545 2372; x_wconf 88' lang='lat' dir='ltr'>quoque</span> <span class='ocrx_word' id='word_1_201' title='bbox 570 2314 605 2354; x_wconf 90' lang='lat' dir='ltr'>ac</span> <span class='ocrx_word' id='word_1_202' title='bbox 622 2295 762 2363; x_wconf 86' lang='lat' dir='ltr'>seniores,</span> <span class='ocrx_word' id='word_1_203' title='bbox 777 2297 815 2353; x_wconf 93' lang='lat' dir='ltr'>ab</span> <span class='ocrx_word' id='word_1_204' title='bbox 828 2295 944 2353; x_wconf 83' lang='lat' dir='ltr'>residuo</span> <span class='ocrx_word' id='word_1_205' title='bbox 956 2294 1046 2352; x_wconf 87' lang='lat' dir='ltr'>tribu·</span> <span class='ocrx_word' id='word_1_206' title='bbox 1134 2361 1136 2366; x_wconf 86' lang='lat'><em>.</em></span> 
     </span>
     <span class='ocr_line' id='line_1_25' title="bbox 48 2373 1045 2454; baseline 0.003 -25"><span class='ocrx_word' id='word_1_207' title='bbox 48 2377 151 2435; x_wconf 71' lang='lat' dir='ltr'>‚nicia</span> <span class='ocrx_word' id='word_1_208' title='bbox 174 2377 323 2454; x_wconf 88' lang='lat' dir='ltr'>potestatis</span> <span class='ocrx_word' id='word_1_209' title='bbox 345 2376 422 2449; x_wconf 90' lang='lat' dir='ltr'>odio,</span> <span class='ocrx_word' id='word_1_210' title='bbox 436 2375 520 2452; x_wconf 87' lang='lat' dir='ltr'>cujus</span> <span class='ocrx_word' id='word_1_211' title='bbox 543 2375 724 2433; x_wconf 88' lang='lat' dir='ltr'>desiderium</span> <span class='ocrx_word' id='word_1_212' title='bbox 740 2375 818 2451; x_wconf 90' lang='lat' dir='ltr'>plebi</span> <span class='ocrx_word' id='word_1_213' title='bbox 832 2373 924 2434; x_wconf 82' lang='lat' dir='ltr'>multd</span> <span class='ocrx_word' id='word_1_214' title='bbox 939 2374 1045 2443; x_wconf 88' lang='lat' dir='ltr'>acrius,</span> 
     </span>
     <span class='ocr_line' id='line_1_26' title="bbox 64 2454 1082 2534; baseline 0.002 -20"><span class='ocrx_word' id='word_1_215' title='bbox 64 2454 152 2534; x_wconf 83' lang='lat' dir='ltr'>qudm</span> <span class='ocrx_word' id='word_1_216' title='bbox 176 2456 336 2516; x_wconf 91' lang='lat' dir='ltr'>consularis</span> <span class='ocrx_word' id='word_1_217' title='bbox 360 2455 483 2532; x_wconf 87' lang='lat' dir='ltr'>imperii,</span> <span class='ocrx_word' id='word_1_218' title='bbox 509 2456 648 2513; x_wconf 89' lang='lat' dir='ltr'>rebantur</span> <span class='ocrx_word' id='word_1_219' title='bbox 671 2473 746 2528; x_wconf 87' lang='lat' dir='ltr'>esse,</span> <span class='ocrx_word' id='word_1_220' title='bbox 771 2455 859 2531; x_wconf 71' lang='lat' dir='ltr'>prope</span> <span class='ocrx_word' id='word_1_221' title='bbox 886 2455 1082 2524; x_wconf 47' lang='lat' dir='ltr'>malebant&amp;</span> 
     </span>
     <span class='ocr_line' id='line_1_27' title="bbox 64 2534 1047 2614; baseline -0.002 -19"><span class='ocrx_word' id='word_1_222' title='bbox 64 2537 215 2613; x_wconf 89' lang='lat' dir='ltr'>postmodo</span> <span class='ocrx_word' id='word_1_223' title='bbox 229 2537 305 2614; x_wconf 88' lang='lat' dir='ltr'>ipsos</span> <span class='ocrx_word' id='word_1_224' title='bbox 318 2536 497 2594; x_wconf 88' lang='lat' dir='ltr'>decemviros</span> <span class='ocrx_word' id='word_1_225' title='bbox 510 2535 658 2594; x_wconf 89' lang='lat' dir='ltr'>voluntate</span> <span class='ocrx_word' id='word_1_226' title='bbox 673 2535 752 2593; x_wconf 89' lang='lat' dir='ltr'>abire</span> <span class='ocrx_word' id='word_1_227' title='bbox 766 2535 945 2612; x_wconf 88' lang='lat' dir='ltr'>magistratu,</span> <span class='ocrx_word' id='word_1_228' title='bbox 961 2534 1047 2611; x_wconf 75' lang='lat' dir='ltr'>quiin</span> 
     </span>
     <span class='ocr_line' id='line_1_28' title="bbox 65 2614 1047 2694; baseline -0.002 -18"><span class='ocrx_word' id='word_1_229' title='bbox 65 2615 176 2676; x_wconf 71' lang='lat' dir='ltr'>invidiis</span> <span class='ocrx_word' id='word_1_230' title='bbox 202 2637 302 2677; x_wconf 89' lang='lat' dir='ltr'>eorum</span> <span class='ocrx_word' id='word_1_231' title='bbox 329 2635 613 2694; x_wconf 80' lang='lat' dir='ltr'>exsurgererursus</span> <span class='ocrx_word' id='word_1_232' title='bbox 636 2615 770 2691; x_wconf 84' lang='lat' dir='ltr'>plebem:</span> <span class='ocrx_word' id='word_1_233' title='bbox 803 2615 827 2672; x_wconf 91' lang='lat' dir='ltr'>si</span> <span class='ocrx_word' id='word_1_234' title='bbox 851 2614 956 2674; x_wconf 90' lang='lat' dir='ltr'>leniter</span> <span class='ocrx_word' id='word_1_235' title='bbox 977 2615 1047 2674; x_wconf 90' lang='lat' dir='ltr'>duc·</span> 
     </span>
     <span class='ocr_line' id='line_1_29' title="bbox 64 2694 1047 2774; baseline -0.004 -19"><span class='ocrx_word' id='word_1_236' title='bbox 64 2706 96 2755; x_wconf 86' lang='lat' dir='ltr'>ta</span> <span class='ocrx_word' id='word_1_237' title='bbox 122 2715 168 2756; x_wconf 90' lang='lat' dir='ltr'>res</span> <span class='ocrx_word' id='word_1_238' title='bbox 195 2698 258 2755; x_wconf 90' lang='lat' dir='ltr'>sine</span> <span class='ocrx_word' id='word_1_239' title='bbox 284 2697 414 2774; x_wconf 88' lang='lat' dir='ltr'>populari</span> <span class='ocrx_word' id='word_1_240' title='bbox 445 2696 565 2772; x_wconf 85' lang='lat' dir='ltr'>strepitu</span> <span class='ocrx_word' id='word_1_241' title='bbox 598 2695 635 2753; x_wconf 90' lang='lat' dir='ltr'>ad</span> <span class='ocrx_word' id='word_1_242' title='bbox 670 2694 805 2754; x_wconf 78' lang='lat' dir='ltr'>consules</span> <span class='ocrx_word' id='word_1_243' title='bbox 838 2694 971 2767; x_wconf 82' lang='lat' dir='ltr'>redisset,</span> <span class='ocrx_word' id='word_1_244' title='bbox 998 2702 1047 2751; x_wconf 85' lang='lat' dir='ltr'>aut</span> 
     </span>
     <span class='ocr_line' id='line_1_30' title="bbox 65 2771 1047 2853; baseline -0.003 -19"><span class='ocrx_word' id='word_1_245' title='bbox 65 2775 149 2835; x_wconf 90' lang='lat' dir='ltr'>bellis</span> <span class='ocrx_word' id='word_1_246' title='bbox 175 2777 361 2853; x_wconf 88' lang='lat' dir='ltr'>interpositis,</span> <span class='ocrx_word' id='word_1_247' title='bbox 389 2786 438 2836; x_wconf 89' lang='lat' dir='ltr'>aut</span> <span class='ocrx_word' id='word_1_248' title='bbox 459 2775 657 2834; x_wconf 88' lang='lat' dir='ltr'>moderatione</span> <span class='ocrx_word' id='word_1_249' title='bbox 682 2775 835 2833; x_wconf 89' lang='lat' dir='ltr'>consulum</span> <span class='ocrx_word' id='word_1_250' title='bbox 859 2773 890 2831; x_wconf 90' lang='lat' dir='ltr'>in</span> <span class='ocrx_word' id='word_1_251' title='bbox 918 2771 1047 2849; x_wconf 79' lang='lat' dir='ltr'>imperils</span> 
     </span>
     <span class='ocr_line' id='line_1_31' title="bbox 65 2852 1082 2932; baseline 0 -19"><span class='ocrx_word' id='word_1_252' title='bbox 65 2855 249 2929; x_wconf 84' lang='lat' dir='ltr'>exercendis,</span> <span class='ocrx_word' id='word_1_253' title='bbox 284 2875 367 2932; x_wconf 90' lang='lat' dir='ltr'>posse</span> <span class='ocrx_word' id='word_1_254' title='bbox 399 2856 429 2914; x_wconf 92' lang='lat' dir='ltr'>in</span> <span class='ocrx_word' id='word_1_255' title='bbox 456 2855 630 2914; x_wconf 89' lang='lat' dir='ltr'>oblivionem</span> <span class='ocrx_word' id='word_1_256' title='bbox 653 2852 834 2913; x_wconf 84' lang='lat' dir='ltr'>tribunorum</span> <span class='ocrx_word' id='word_1_257' title='bbox 858 2853 973 2930; x_wconf 91' lang='lat' dir='ltr'>plebem</span> <span class='ocrx_word' id='word_1_258' title='bbox 997 2852 1082 2913; x_wconf 85' lang='lat' dir='ltr'>ad·ao</span> 
     </span>
     <span class='ocr_line' id='line_1_32' title="bbox 65 2922 1046 3011; baseline -0.005 -17"><span class='ocrx_word' id='word_1_259' title='bbox 65 2934 145 2994; x_wconf 87' lang='lat' dir='ltr'>duci.</span> <span class='ocrx_word' id='word_1_260' title='bbox 187 2935 310 2994; x_wconf 82' lang='lat' dir='ltr'>Silentio</span> <span class='ocrx_word' id='word_1_261' title='bbox 336 2935 454 2993; x_wconf 88' lang='lat' dir='ltr'>Patrum</span> <span class='ocrx_word' id='word_1_262' title='bbox 477 2936 602 2996; x_wconf 90' lang='lat' dir='ltr'>edicitur</span> <span class='ocrx_word' id='word_1_263' title='bbox 614 2922 762 2996; x_wconf 88' lang='lat' dir='ltr'>delectus:</span> <span class='ocrx_word' id='word_1_264' title='bbox 794 2933 932 3011; x_wconf 86' lang='lat' dir='ltr'>juniores,</span> <span class='ocrx_word' id='word_1_265' title='bbox 956 2949 1046 3007; x_wconf 91' lang='lat' dir='ltr'>quum</span> 
     </span>
     <span class='ocr_line' id='line_1_33' title="bbox 65 3013 1046 3091; baseline -0.004 -19"><span class='ocrx_word' id='word_1_266' title='bbox 65 3013 130 3074; x_wconf 88' lang='lat' dir='ltr'>sine</span> <span class='ocrx_word' id='word_1_267' title='bbox 153 3015 355 3090; x_wconf 78' lang='lat' dir='ltr'>provocatione</span> <span class='ocrx_word' id='word_1_268' title='bbox 376 3015 528 3091; x_wconf 89' lang='lat' dir='ltr'>imperium</span> <span class='ocrx_word' id='word_1_269' title='bbox 548 3025 634 3084; x_wconf 86' lang='lat' dir='ltr'>esset,</span> <span class='ocrx_word' id='word_1_270' title='bbox 659 3016 696 3073; x_wconf 93' lang='lat' dir='ltr'>ad</span> <span class='ocrx_word' id='word_1_271' title='bbox 720 3015 841 3073; x_wconf 91' lang='lat' dir='ltr'>nomina</span> <span class='ocrx_word' id='word_1_272' title='bbox 861 3013 1046 3090; x_wconf 82' lang='lat' dir='ltr'>respondent</span> 
     </span>
     <span class='ocr_line' id='line_1_34' title="bbox 66 3092 1046 3172; baseline -0.006 -18"><span class='ocrx_word' id='word_1_273' title='bbox 66 3093 246 3170; x_wconf 87' lang='lat' dir='ltr'>Legionibus</span> <span class='ocrx_word' id='word_1_274' title='bbox 283 3095 407 3171; x_wconf 88' lang='lat' dir='ltr'>scriptis,</span> <span class='ocrx_word' id='word_1_275' title='bbox 446 3094 521 3154; x_wconf 89' lang='lat' dir='ltr'>inter</span> <span class='ocrx_word' id='word_1_276' title='bbox 558 3115 590 3153; x_wconf 89' lang='lat' dir='ltr'>se</span> <span class='ocrx_word' id='word_1_277' title='bbox 623 3095 791 3154; x_wconf 89' lang='lat' dir='ltr'>decemviri</span> <span class='ocrx_word' id='word_1_278' title='bbox 829 3092 1046 3172; x_wconf 89' lang='lat' dir='ltr'>comparabant,</span> 
     </span>
     <span class='ocr_line' id='line_1_35' title="bbox 67 3173 1091 3252; baseline -0.004 -20"><span class='ocrx_word' id='word_1_279' title='bbox 67 3191 140 3250; x_wconf 91' lang='lat' dir='ltr'>quos</span> <span class='ocrx_word' id='word_1_280' title='bbox 167 3173 209 3232; x_wconf 90' lang='lat' dir='ltr'>ire</span> <span class='ocrx_word' id='word_1_281' title='bbox 235 3175 272 3232; x_wconf 89' lang='lat' dir='ltr'>ad</span> <span class='ocrx_word' id='word_1_282' title='bbox 296 3175 414 3249; x_wconf 91' lang='lat' dir='ltr'>bellum,</span> <span class='ocrx_word' id='word_1_283' title='bbox 436 3194 506 3251; x_wconf 91' lang='lat' dir='ltr'>quos</span> <span class='ocrx_word' id='word_1_284' title='bbox 533 3193 657 3252; x_wconf 76' lang='lat' dir='ltr'>praesse</span> <span class='ocrx_word' id='word_1_285' title='bbox 688 3173 867 3234; x_wconf 86' lang='lat' dir='ltr'>exercitibus</span> <span class='ocrx_word' id='word_1_286' title='bbox 893 3180 1046 3252; x_wconf 74' lang='lat' dir='ltr'>oporteret.</span> <span class='ocrx_word' id='word_1_287' title='bbox 1086 3177 1091 3183; x_wconf 85' lang='lat'>&#39;</span> 
     </span>
     <span class='ocr_line' id='line_1_36' title="bbox 66 3251 1083 3331; baseline -0.002 -19"><span class='ocrx_word' id='word_1_288' title='bbox 66 3252 217 3329; x_wconf 90' lang='lat' dir='ltr'>Principes</span> <span class='ocrx_word' id='word_1_289' title='bbox 241 3254 316 3331; x_wconf 76' lang='lat' dir='ltr'>inter</span> <span class='ocrx_word' id='word_1_290' title='bbox 339 3255 520 3315; x_wconf 88' lang='lat' dir='ltr'>decemviros</span> <span class='ocrx_word' id='word_1_291' title='bbox 542 3265 624 3314; x_wconf 86' lang='lat' dir='ltr'>erant</span> <span class='ocrx_word' id='word_1_292' title='bbox 647 3255 688 3317; x_wconf 81' lang='lat' dir='ltr'>Q.</span> <span class='ocrx_word' id='word_1_293' title='bbox 714 3255 825 3313; x_wconf 80' lang='lat' dir='ltr'>Fabius</span> <span class='ocrx_word' id='word_1_294' title='bbox 845 3263 876 3312; x_wconf 90' lang='lat' dir='ltr'>et</span> <span class='ocrx_word' id='word_1_295' title='bbox 889 3253 946 3329; x_wconf 89' lang='lat' dir='ltr'>Ap.</span> <span class='ocrx_word' id='word_1_296' title='bbox 961 3251 1083 3310; x_wconf 69' lang='lat' dir='ltr'>Clau-as</span> 
     </span>
     <span class='ocr_line' id='line_1_37' title="bbox 66 3329 1047 3412; baseline -0.005 -20"><span class='ocrx_word' id='word_1_297' title='bbox 66 3332 148 3392; x_wconf 89' lang='lat' dir='ltr'>dius:</span> <span class='ocrx_word' id='word_1_298' title='bbox 170 3333 278 3392; x_wconf 87' lang='lat' dir='ltr'>bellum</span> <span class='ocrx_word' id='word_1_299' title='bbox 300 3335 379 3394; x_wconf 92' lang='lat' dir='ltr'>domi</span> <span class='ocrx_word' id='word_1_300' title='bbox 401 3335 504 3412; x_wconf 88' lang='lat' dir='ltr'>majus,</span> <span class='ocrx_word' id='word_1_301' title='bbox 529 3334 617 3412; x_wconf 78' lang='lat' dir='ltr'>quim</span> <span class='ocrx_word' id='word_1_302' title='bbox 641 3334 719 3403; x_wconf 88' lang='lat' dir='ltr'>foris,</span> <span class='ocrx_word' id='word_1_303' title='bbox 742 3333 908 3410; x_wconf 86' lang='lat' dir='ltr'>apparebat.</span> <span class='ocrx_word' id='word_1_304' title='bbox 958 3329 1047 3407; x_wconf 83' lang='lat' dir='ltr'>Appii</span> 
     </span>
     <span class='ocr_line' id='line_1_38' title="bbox 66 3413 1047 3491; baseline -0.004 -21"><span class='ocrx_word' id='word_1_305' title='bbox 66 3413 233 3475; x_wconf 86' lang='lat' dir='ltr'>violentiam</span> <span class='ocrx_word' id='word_1_306' title='bbox 255 3415 394 3490; x_wconf 87' lang='lat' dir='ltr'>aptiorem</span> <span class='ocrx_word' id='word_1_307' title='bbox 417 3413 471 3474; x_wconf 84' lang='lat' dir='ltr'>rati</span> <span class='ocrx_word' id='word_1_308' title='bbox 486 3415 522 3472; x_wconf 88' lang='lat' dir='ltr'>ad</span> <span class='ocrx_word' id='word_1_309' title='bbox 544 3415 778 3491; x_wconf 85' lang='lat' dir='ltr'>comprimendos</span> <span class='ocrx_word' id='word_1_310' title='bbox 792 3414 920 3472; x_wconf 91' lang='lat' dir='ltr'>urbanos</span> <span class='ocrx_word' id='word_1_311' title='bbox 933 3422 1047 3470; x_wconf 83' lang='lat' dir='ltr'>motus:</span> 
     </span>
     <span class='ocr_line' id='line_1_39' title="bbox 66 3488 1047 3575; baseline -0.006 -22"><span class='ocrx_word' id='word_1_312' title='bbox 66 3493 98 3553; x_wconf 92' lang='lat' dir='ltr'>in</span> <span class='ocrx_word' id='word_1_313' title='bbox 111 3493 205 3553; x_wconf 86' lang='lat' dir='ltr'>Fabio</span> <span class='ocrx_word' id='word_1_314' title='bbox 217 3493 313 3552; x_wconf 79' lang='lat' dir='ltr'>minus</span> <span class='ocrx_word' id='word_1_315' title='bbox 326 3495 356 3552; x_wconf 92' lang='lat' dir='ltr'>in</span> <span class='ocrx_word' id='word_1_316' title='bbox 378 3495 455 3552; x_wconf 90' lang='lat' dir='ltr'>bono</span> <span class='ocrx_word' id='word_1_317' title='bbox 477 3504 624 3567; x_wconf 89' lang='lat' dir='ltr'>constans,</span> <span class='ocrx_word' id='word_1_318' title='bbox 638 3493 725 3571; x_wconf 82' lang='lat' dir='ltr'>qudm</span> <span class='ocrx_word' id='word_1_319' title='bbox 749 3513 857 3575; x_wconf 78' lang='lat' dir='ltr'>navum</span> <span class='ocrx_word' id='word_1_320' title='bbox 881 3493 913 3550; x_wconf 90' lang='lat' dir='ltr'>in</span> <span class='ocrx_word' id='word_1_321' title='bbox 926 3488 1047 3558; x_wconf 80' lang='lat' dir='ltr'>malitia,</span> 
     </span>
     <span class='ocr_line' id='line_1_40' title="bbox 67 3568 1049 3652; baseline -0.006 -21"><span class='ocrx_word' id='word_1_322' title='bbox 67 3573 218 3652; x_wconf 88' lang='lat' dir='ltr'>ingenium</span> <span class='ocrx_word' id='word_1_323' title='bbox 240 3593 323 3633; x_wconf 87' lang='lat' dir='ltr'>esse:</span> <span class='ocrx_word' id='word_1_324' title='bbox 340 3575 424 3632; x_wconf 51' lang='lat' dir='ltr'>¹hunc</span> <span class='ocrx_word' id='word_1_325' title='bbox 437 3575 516 3632; x_wconf 89' lang='lat' dir='ltr'>enim</span> <span class='ocrx_word' id='word_1_326' title='bbox 531 3574 633 3642; x_wconf 88' lang='lat' dir='ltr'>virum,</span> <span class='ocrx_word' id='word_1_327' title='bbox 649 3569 799 3651; x_wconf 85' lang='lat' dir='ltr'>egregium</span> <span class='ocrx_word' id='word_1_328' title='bbox 819 3573 890 3632; x_wconf 91' lang='lat' dir='ltr'>olim</span> <span class='ocrx_word' id='word_1_329' title='bbox 904 3571 982 3630; x_wconf 89' lang='lat' dir='ltr'>domi</span> <span class='ocrx_word' id='word_1_330' title='bbox 996 3568 1049 3626; x_wconf 87' lang='lat' dir='ltr'>rni-</span> 
     </span>
     <span class='ocr_line' id='line_1_41' title="bbox 67 3647 1084 3730; baseline -0.012 -15"><span class='ocrx_word' id='word_1_331' title='bbox 67 3651 204 3730; x_wconf 85' lang='lat' dir='ltr'>litiaeque,</span> <span class='ocrx_word' id='word_1_332' title='bbox 219 3654 430 3713; x_wconf 87' lang='lat' dir='ltr'>decemviratus</span> <span class='ocrx_word' id='word_1_333' title='bbox 444 3654 618 3730; x_wconf 74' lang='lat' dir='ltr'>collegaque</span> <span class='ocrx_word' id='word_1_334' title='bbox 633 3654 674 3711; x_wconf 89' lang='lat' dir='ltr'>ita</span> <span class='ocrx_word' id='word_1_335' title='bbox 694 3663 887 3726; x_wconf 88' lang='lat' dir='ltr'>mutaverant,</span> <span class='ocrx_word' id='word_1_336' title='bbox 902 3662 935 3709; x_wconf 91' lang='lat' dir='ltr'>ut</span> <span class='ocrx_word' id='word_1_337' title='bbox 949 3647 1047 3725; x_wconf 86' lang='lat' dir='ltr'>Appii,</span> <span class='ocrx_word' id='word_1_338' title='bbox 1057 3663 1084 3704; x_wconf 79' lang='lat' dir='ltr'>ec</span> 
     </span>
     <span class='ocr_line' id='line_1_42' title="bbox 66 3727 1048 3809; baseline -0.006 -20"><span class='ocrx_word' id='word_1_339' title='bbox 66 3733 233 3809; x_wconf 74' lang='lat' dir='ltr'>quamsui,</span> <span class='ocrx_word' id='word_1_340' title='bbox 260 3735 361 3793; x_wconf 86' lang='lat' dir='ltr'>similis</span> <span class='ocrx_word' id='word_1_341' title='bbox 379 3733 477 3792; x_wconf 88' lang='lat' dir='ltr'>mallet</span> <span class='ocrx_word' id='word_1_342' title='bbox 501 3751 574 3790; x_wconf 84' lang='lat' dir='ltr'>esse.</span> <span class='ocrx_word' id='word_1_343' title='bbox 626 3732 708 3790; x_wconf 93' lang='lat' dir='ltr'>Huic</span> <span class='ocrx_word' id='word_1_344' title='bbox 734 3733 844 3790; x_wconf 92' lang='lat' dir='ltr'>bellum</span> <span class='ocrx_word' id='word_1_345' title='bbox 865 3732 896 3790; x_wconf 93' lang='lat' dir='ltr'>in</span> <span class='ocrx_word' id='word_1_346' title='bbox 920 3727 1048 3799; x_wconf 87' lang='lat' dir='ltr'>Sabinis,</span> 
     </span>
     <span class='ocr_line' id='line_1_43' title="bbox 68 3808 1047 3894; baseline -0.005 -27"><span class='ocrx_word' id='word_1_347' title='bbox 68 3808 170 3876; x_wconf 86' lang='lat' dir='ltr'>Manio</span> <span class='ocrx_word' id='word_1_348' title='bbox 190 3813 336 3894; x_wconf 84' lang='lat' dir='ltr'>Rabulejo</span> <span class='ocrx_word' id='word_1_349' title='bbox 357 3825 387 3876; x_wconf 87' lang='lat' dir='ltr'>et</span> <span class='ocrx_word' id='word_1_350' title='bbox 406 3811 447 3877; x_wconf 75' lang='lat' dir='ltr'>Q.</span> <span class='ocrx_word' id='word_1_351' title='bbox 462 3811 583 3872; x_wconf 84' lang='lat' dir='ltr'>Poetelio</span> <span class='ocrx_word' id='word_1_352' title='bbox 597 3811 703 3870; x_wconf 85' lang='lat' dir='ltr'>additis</span> <span class='ocrx_word' id='word_1_353' title='bbox 716 3811 846 3890; x_wconf 88' lang='lat' dir='ltr'>collegis,</span> <span class='ocrx_word' id='word_1_354' title='bbox 869 3809 1047 3870; x_wconf 86' lang='lat' dir='ltr'>mandatum.</span> 
     </span>
    </p>
   </div>
   <div class='ocr_carea' id='block_1_4' title="bbox 325 4039 451 4121">
    <p class='ocr_par' dir='ltr' id='par_1_7' title="bbox 325 4039 451 4121">
     <span class='ocr_line' id='line_1_44' title="bbox 325 4039 451 4121; baseline 0 0"><span class='ocrx_word' id='word_1_355' title='bbox 325 4039 354 4091; x_wconf 56' lang='lat'>⁸</span> <span class='ocrx_word' id='word_1_356' title='bbox 444 4111 451 4121; x_wconf 79' lang='grc'><strong><em>,</em></strong></span> 
     </span>
    </p>
   </div>
   <div class='ocr_carea' id='block_1_5' title="bbox 0 0 1283 4314">
    <p class='ocr_par' dir='ltr' id='par_1_8' title="bbox 0 0 1283 4314">
     <span class='ocr_line' id='line_1_45' title="bbox 0 0 1283 4314; baseline 0 0"><span class='ocrx_word' id='word_1_357' title='bbox 0 0 1283 4314; x_wconf 95' lang='lat' dir='ltr'> </span> 
     </span>
    </p>
   </div>
  </div>
 </body>
</html>
