2556 4314
497 303 602 357 LIBER
618 309 638 360 1.
663 323 724 358 ess.
741 309 800 357 xxi.
867 328 871 338 ·
1094 307 1133 363 21

162 445 435 529 flaminesadjecit3
457 449 660 528 Martiunum,
675 451 794 512 alterum
810 451 945 512 Quirino.
986 449 1134 528 Virgines·

162 542 216 598 que
230 526 329 586 Vestae
346 527 435 603 legit,
450 529 527 585 Alba
539 531 692 588 oriundum
707 529 909 601 sacerdotium,
930 539 959 585 et
974 529 1052 606 genti
1065 547 1133 587 con·

161 604 261 663 ditoris
285 605 364 662 haud
391 607 528 666 alienum.
582 609 648 674 His,
671 619 701 664 ut
726 609 847 666 assidue
873 608 971 682 templi
995 607 1140 677 antistites,

160 694 269 756 essent,
295 683 469 760 stipendium
493 687 529 742 de
551 687 668 761 publico
688 688 805 744 statuit:
831 687 996 762 virginitate
1017 685 1134 761 aliisque

138 763 343 820 scaeremoniis
366 763 544 824 venerabiles
568 784 605 822 ae
624 776 739 822 sanetas
757 766 835 822 lecit.
877 766 970 822 Salios
984 765 1135 834 itemdno-

160 840 259 898 decim
272 841 360 900 Marti
384 845 509 902 Gradivo
531 845 619 920 legit3
636 844 803 920 tunicaque
816 845 901 920 piotae
915 844 1030 919 insigne
1043 843 1133 916 dedit,

158 933 189 979 et
203 943 288 997 super
301 924 428 996 tunicam
438 941 549 980 aeneum
562 925 671 998 pectori
682 924 810 999 tegimen
821 944 829 993 ;
845 923 1031 998 coelestiaque
1042 941 1131 990 arms,

158 1019 221 1076 quae
245 1002 364 1060 Aucilia
389 1003 578 1077 appellantur,
593 1003 677 1072 ferre,
689 1021 724 1060 ac
745 1021 797 1077 per
818 1003 922 1060 urbem
936 1001 978 1058 ire
992 1011 1133 1060 canentes

159 1080 287 1137 carmina
308 1100 375 1138 cum
398 1081 533 1156 tripudiis
555 1083 725 1157 solennique
752 1081 855 1138 saltatu
876 1080 969 1156 jussit.
1011 1079 1131 1138 Pontifi-

124 1173 223 1216 1ocern
247 1160 353 1217 deinde
377 1159 506 1218 Numam
531 1159 686 1234 Marcium,
701 1160 797 1218 Marci
821 1160 922 1228 filium,
937 1177 974 1216 ex
997 1158 1132 1216 Patribus

157 1233 244 1313 legit3
265 1238 349 1313 eique
371 1233 454 1306 sacra
474 1240 572 1296 omnia
592 1239 965 1316 exscriptaexsignataque
982 1237 1130 1307 attribuit3

158 1317 259 1390 quibus
273 1319 383 1391 hostiis,
397 1319 501 1393 quibus
525 1319 637 1393 diebus,
652 1320 689 1376 ad
712 1339 775 1395 quae
789 1319 906 1393 templa,
921 1335 1004 1375 sacra
1016 1317 1129 1384 fierent.

157 1405 241 1470 atque
262 1399 341 1454 unde
362 1398 392 1455 in
415 1417 464 1456 eos
485 1409 616 1474 sumptus
638 1398 764 1474 pecunia
786 1407 960 1473 erogaretur.
1016 1395 1131 1454 Cetera

156 1493 266 1551 quoque
288 1477 387 1534 omnia
406 1478 523 1554 publica
536 1478 701 1553 privataque
717 1495 803 1534 saera
811 1476 957 1552 pontificis
970 1475 1050 1533 scitis
1064 1475 1130 1532 sub-

121 1566 148 1606 15
152 1552 244 1629 jecit;
273 1565 307 1611 ut
330 1565 417 1627 esset,
440 1555 497 1629 qud
531 1557 694 1612 consultum
717 1557 816 1631 plebes
838 1555 968 1622 veniret3
999 1572 1037 1610 ne
1061 1553 1130 1628 quid

154 1631 249 1690 divini
260 1632 344 1708 puris,
358 1633 532 1709 negligendo
556 1635 663 1708 patrios
685 1635 765 1706 ritus,
779 1634 1002 1709 peregrinosque
1023 1629 1132 1689 adscis-

155 1711 263 1784 cendo,
274 1745 280 1756 =·
288 1713 460 1769 turbaretur.
506 1711 573 1770 Nec
598 1713 730 1770 coelestes
752 1711 838 1769 modo
861 1709 1058 1782 ceremonias,
1079 1709 1130 1768 sed

153 1795 229 1865 justa
243 1809 357 1864 quoque
382 1790 524 1863 funebria,
538 1791 751 1866 placandosque
775 1790 889 1862 Manes,
903 1799 935 1846 ut
948 1790 1025 1846 idem
1038 1787 1132 1864 ponti·

155 1868 203 1926 fex
216 1870 353 1926 edoceret
363 1889 371 1939 ;
393 1889 513 1943 quaeque
534 1870 676 1946 prodigia,
692 1869 860 1926 fulminibus
886 1868 976 1925 aliove
997 1887 1053 1942 quo
1066 1867 1129 1926 visu

117 1947 253 2020 comissa,
267 1949 479 2022 susciperentur
504 1959 588 2024 atque
613 1947 801 2005 curarentur:
822 1948 858 2004 ad
882 1966 918 2004 ea
930 1945 1074 2004 elicienda
1091 1965 1128 2004 ex

155 2021 302 2082 mentibus
326 2025 438 2098 divinis
468 2026 531 2084 Jovi
556 2026 660 2104 Elicio:
678 2046 755 2083 aram
777 2027 807 2082 in
833 2026 979 2083 Aventino
1000 2025 1127 2094 diacum

155 2103 309 2180 Deumque
323 2101 466 2164 consuluit
479 2105 617 2184 auguriis,
631 2125 694 2184 quae
709 2105 893 2182 suscipienda
906 2114 1012 2162 essent.

26 2273 29 2278 '
112 2309 120 2321 ,
153 2273 180 2292 ”
206 2263 291 2320 XXI.
312 2265 360 2321 Ad
385 2266 448 2322 haec
471 2267 661 2325 consultanda
681 2263 917 2342 procurandaque
941 2265 1126 2323 multitudine

153 2343 235 2399 omui
249 2344 304 2399 avi
318 2354 347 2400 et
370 2345 456 2400 armis
479 2348 628 2412 conversa,
643 2356 673 2404 et
687 2346 775 2419 animi
790 2346 897 2420 aliquid
911 2345 1025 2421 agendo
1038 2362 1126 2402 occu·

117 2432 144 2472 aa
153 2421 213 2496 pati
227 2431 316 2494 erant,
331 2434 363 2480 et
374 2423 503 2479 Deorum
518 2425 633 2480 assidua
646 2423 776 2480 insidens
790 2443 869 2496 cura,
883 2443 972 2498 quum
985 2424 1126 2480 interesse

153 2500 238 2566 rebus
251 2501 385 2557 humanis
399 2502 517 2558 eoeleste
531 2502 650 2559 Numen
662 2503 815 2568 videretur,
827 2503 863 2558 ed
876 2503 982 2575 pietate
996 2500 1125 2557 omnium

151 2589 266 2657 pectora
287 2580 442 2646 imbuerat,
464 2590 496 2635 ut
511 2579 588 2656 'fides
611 2597 646 2636 ao
658 2580 868 2655 jusjurandum,
881 2579 1011 2654 proximo
1028 2577 1126 2652 legum

152 2675 357 2733 septenarum
386 2668 475 2730 metu,
499 2659 646 2716 civitatem
672 2667 832 2733 rogerenn
853 2666 882 2713 et
902 2675 990 2730 quum
1016 2655 1071 2732 ipsi
1094 2673 1125 2712 se

151 2735 281 2794 homines
305 2739 335 2795 in
359 2737 446 2813 regis,
472 2737 549 2794 velut
570 2737 650 2794 unici
674 2734 807 2810 exempli,
832 2754 926 2793 mores
949 2735 1123 2804 formarent3

114 2825 141 2864 ³0
151 2825 210 2871 tum
225 2815 339 2873 finitimi
353 2817 441 2873 etiam
454 2817 562 2893 populi,
576 2817 624 2890 qui
639 2816 716 2887 ante,
731 2825 833 2892 castra,
846 2834 903 2872 non
923 2814 1034 2883 urbem,
1049 2815 1123 2890 posi·

149 2903 209 2963 tam
223 2895 253 2951 in
268 2896 364 2951 medio
377 2897 413 2951 ad
439 2895 648 2952 sollicitandam
662 2895 791 2952 omnium
805 2913 917 2970 pacem,
929 2894 1122 2966 crediderant,

148 2971 262 3030 ineam
283 2974 487 3030 verecundiam
512 2975 630 3031 adducti
654 2985 731 3042 sunt,
746 2983 784 3036 ut,
799 2973 954 3045 civitatem,
979 2983 1067 3031 totam
1090 2973 1137 3030 'U

147 3050 179 3107 in
196 3050 308 3106 cultum
322 3070 441 3108 ¹versam
465 3051 603 3120 Deorum,
619 3053 716 3114 violari
738 3053 878 3109 ducerent
891 3051 981 3108 nefas.
1022 3051 1123 3110 Lucus

146 3139 223 3196 erat,
246 3147 330 3203 quem
352 3131 480 3188 medium
502 3151 538 3188 ex
559 3151 650 3206 opaco
674 3151 763 3206 speon
784 3131 847 3188 fons
868 3130 988 3206 perenni
1010 3130 1123 3207 rigabat

110 3219 137 3260 aa
147 3209 238 3282 aqud:
252 3209 308 3282 qud
322 3211 389 3284 quia
402 3229 433 3266 se
447 3229 574 3286 persaepe
586 3209 684 3267 Numa
698 3211 760 3278 sine
774 3210 897 3281 arbitris,
921 3210 999 3266 velut
1010 3211 1046 3266 ad
1055 3230 1124 3269 con-

145 3305 280 3364 gressum
289 3287 370 3356 Deae,
386 3289 536 3356 inserebat,
547 3289 695 3346 Camoenis
705 3309 770 3346 eum
780 3289 879 3346 lucum
888 3288 1010 3345 sacravit
1021 3309 1028 3359 ;
1043 3289 1121 3364 qudd

146 3385 247 3424 earum
262 3367 302 3423 ibi
317 3367 443 3424 concilia
453 3387 520 3424 cum
529 3369 654 3444 conjuge
664 3371 714 3424 sud
723 3367 829 3444 Egeriai
837 3377 943 3424 essent.
985 3366 1024 3424 Et
1040 3367 1120 3447 [soli]

145 3444 233 3502 Fidei
244 3445 363 3502 solenne
374 3447 497 3504 instituit
509 3467 515 3504 :
538 3449 573 3503 ad
585 3448 614 3504 id
626 3447 782 3504 sacrarium
797 3445 929 3503 flamines
938 3445 1022 3521 bigis,
1034 3465 1121 3504 curru

145 3532 277 3591 arcuato,
292 3525 357 3581 vehi
368 3525 463 3602 jussit,
477 3545 621 3601 manuque
646 3527 681 3582 ad
696 3527 801 3602 digitos
814 3543 904 3599 usque
918 3523 1046 3580 involuta
1059 3539 1121 3576 rem

24 3597 28 3603 ’
70 3599 75 3610 ’
110 3603 274 3661 todivinam
303 3602 415 3673 facere3
450 3605 648 3681 significantes
674 3605 762 3661 fidem
788 3602 950 3669 tutandam,
965 3601 1121 3666 sedemque

145 3682 208 3757 ejus
232 3682 324 3744 etiam
346 3683 375 3740 in
400 3683 508 3740 dextris
532 3696 673 3740 sacratam
687 3702 760 3739 esse.
802 3680 898 3736 Multa
911 3676 967 3730 ulia
980 3669 1123 3752 sacrifioip

144 3759 265 3838 locaque
279 3762 370 3822 sacris
384 3761 536 3831 faciendis,
550 3781 614 3838 quae
628 3763 742 3838 Argeos
751 3756 905 3836 pontifices
915 3753 1030 3842 vocam,
1043 3741 1124 3818 ded}-
