2556 4314
444 287 448 294 '
477 269 898 370 [praestruemus-111.
1082 306 1105 325 ⁸·
1150 307 1192 371 35

131 441 136 458 ’
179 454 205 514 Ξ
253 449 436 520 XXXVIII.
458 449 529 508 Idus
542 449 629 528 Majae
642 451 755 510 venere.
796 451 893 511 Nullis
913 452 998 510 subto
1018 452 1192 530 atismagis-
1254 489 1255 492 =

178 513 349 597 “stratibus,
371 529 476 604 privati
499 549 551 609 pro
565 531 746 598 decemviris,
767 550 861 606 neque
875 531 1007 595 animrsa
1040 533 1192 609 imperium

184 589 411 697 Iilendum
432 609 602 683 imminutis
625 625 720 686 neque
744 611 781 667 ad
795 611 923 686 speciem
944 613 1060 670 honoris
1073 613 1193 689 insigni·

180 721 201 760 κς
217 688 283 762 bus,
297 690 447 765 prodeunt.
472 688 507 747 Id
522 689 588 746 verd
601 708 722 766 regnum
736 690 813 748 haud
829 689 918 748 dubie
933 690 1031 749 videri.
1057 692 1194 766 Deplora-

88 815 93 825 .
179 759 202 838 3,
218 779 266 826 tur
280 769 310 826 in
318 773 486 847 perpetuum
494 768 611 826 libertas
623 788 631 838 3
653 788 709 826 nec
723 765 830 827 ¹vindex
850 770 1001 846 quisquam
1015 769 1133 838 exsistit,
1145 781 1195 828 aut

187 842 204 924 ξ
220 849 332 906 futurus
355 848 485 906 videtur:
511 867 569 906 nec
590 848 644 924 ipsi
669 849 760 906 solnm
780 849 995 924 desponderant
1008 850 1129 922 animos,
1144 849 1194 908 sed

180 925 365 986 “contemni
380 927 466 1002 coepti
488 937 571 984 erant
592 947 609 984 a
633 927 762 984 finitimis
775 928 908 1003 populis;
931 929 1140 1004 imperiumque
1154 929 1195 986 ibi

215 1024 290 1078 esse,
304 1007 353 1064 ubi
367 1026 433 1064 non·
447 1016 523 1064 esset
546 1007 673 1079 libertas,
695 1006 930 1082 indignabantur.
970 1008 1076 1068 Sabini
1089 1008 1197 1085 magna

214 1097 303 1141 manu
313 1085 510 1143 incursionem
521 1084 552 1142 in
562 1105 662 1160 agrum
674 1086 842 1143 Romanum
854 1085 967 1143 fecere:
981 1087 1096 1161 lateque
1106 1105 1196 1163 popu-

181 1163 275 1236 relati,
289 1182 378 1239 quum
400 1165 550 1222 hominum
564 1174 649 1238 atque
663 1165 808 1239 pecudum
822 1165 907 1223 inulti
928 1167 1040 1241 predas
1054 1167 1194 1242 egissent,

216 1254 331 1318 recepto
343 1245 379 1300 ad
388 1243 519 1316 Eretum,
533 1243 610 1317 quod
621 1244 727 1318 passim
736 1254 874 1318 vagatum
881 1255 952 1312 erat,
965 1245 1091 1320 agmine,
1101 1255 1197 1304 castra

215 1320 321 1390 locant,
337 1341 418 1399 spem
441 1323 472 1380 in
497 1322 643 1389 discordia
666 1323 974 1399 Romania-ponentes,
995 1343 1061 1382 eam
1075 1323 1196 1399 impedi·

215 1411 346 1472 mentum
371 1402 497 1460 delectui
523 1401 592 1459 fore.
634 1401 702 1460 Non
727 1403 822 1461 nuntii
839 1401 940 1475 solim,
955 1403 1005 1462 sed
1019 1422 1071 1479 per
1085 1402 1195 1461 Urbem

204 1481 374 1556 -agrestium
396 1481 465 1556 fuga
485 1480 706 1556 trepidationem
729 1481 839 1558 injecit.
888 1482 1053 1540 Decemviri
1080 1483 1196 1542 consul-

181 1574 207 1615 15
217 1560 378 1634 tant‚··qnid
395 1557 474 1634 opus
491 1559 568 1617 sacto
591 1560 646 1617 sit:
668 1561 811 1618 destitutis
832 1561 906 1617 inter
928 1561 1046 1619 Petrum
1060 1571 1089 1619 et
1102 1561 1196 1636 plebis

219 1637 287 1696 odia
301 1639 413 1695 addidit
434 1649 572 1697 terrorem
588 1638 709 1714 insuper·
719 1639 807 1695 alium
820 1638 943 1696 fortuna.
986 1640 1074 1713 AEqui
1089 1639 1145 1696 aliia
1158 1659 1196 1700 ex

216 1726 300 1792 parte
314 1727 410 1774 castra
423 1717 455 1776 in
475 1717 583 1794 Algido
596 1716 712 1786 locant'3
734 1717 994 1793 depopulatumque
1012 1717 1080 1774 inde
1094 1736 1199 1776 excur-

210 1793 348 1853 sionibus
373 1795 577 1854 Tnsculanum
592 1815 692 1872 agrum
706 1795 794 1872 legati
816 1797 853 1854 ab
875 1795 1017 1875 Tusculo,
1031 1796 1195 1872 praesidium

215 1884 341 1942 orantes,
356 1875 500 1932 nuntiant.
542 1875 573 1932 Is
595 1895 683 1951 pavor
706 1875 830 1952 perpulit
853 1875 1043 1942 decemviros,
1068 1887 1100 1932 ut
1113 1893 1196 1936 sena·

179 1961 290 2022 ntum,
304 1954 389 2024 simul
412 1954 526 2014 duobus
549 1954 803 2013 circumstantibus
824 1954 933 2013 Urbem
948 1955 1040 2022 bellis,
1062 1956 1195 2014 consule·

216 2042 291 2090 rent.
333 2033 422 2091 Citari
442 2033 546 2111 jubent
568 2033 724 2092 incuriam
745 2033 855 2108 Patres,
870 2032 948 2091 liaud
968 2034 1071 2110 ignari,
1087 2043 1196 2109 quanta

217 2111 333 2169 invidie
357 2112 520 2171 immineret
543 2124 716 2190 tempestas:
737 2132 839 2172 omnes
860 2112 962 2172 vastati
976 2114 1038 2190 agri
1052 2115 1196 2189 periculo·

213 2209 334 2265 rumque
348 2191 561 2250 imminentium
573 2211 675 2250 causas
689 2194 720 2250 in
734 2212 765 2250 se
780 2202 978 2268 congestum,
989 2193 1194 2254 tentationem·

213 2287 269 2344 que
282 2289 347 2328 earn
361 2271 421 2330 sore
445 2272 580 2330 abolendi
598 2273 653 2328 sibi
667 2271 859 2346 magistratus,
874 2273 905 2329 ni
920 2290 1065 2330 consensu
1079 2272 1194 2330 resiste·

179 2359 288 2418 serent,
302 2350 478 2426 imperioque
492 2350 768 2408 inhibendo'acriter
787 2351 818 2406 in
831 2369 939 2425 paucos
952 2351 1117 2426 praeferocis
1131 2351 1192 2409 ani·

214 2428 264 2496 mi,
279 2440 401 2487 conatus
425 2430 546 2487 aliorum
570 2425 810 2504 comprimerent..
845 2427 998 2501 Postquam
1022 2430 1121 2486 audita
1138 2448 1194 2488 vox

213 2507 245 2564 in
258 2507 319 2568 foro
332 2519 377 2566 est
389 2508 542 2585 preconis,
555 2506 656 2564 Patres
674 2507 705 2562 in
719 2505 833 2562 curiam
846 2507 882 2561 ad
897 2506 1075 2563 decemviros
1088 2525 1185 2566 vocan-

213 2586 268 2657 ri13
289 2588 368 2646 velut
391 2605 537 2658 navares,
560 2585 628 2660 quia
651 2584 866 2641 intermiserant
876 2584 987 2659 jamdiu
1001 2603 1110 2640 morem
1124 2603 1193 2644 con·

212 2665 326 2725 sulendi
353 2667 481 2738 senatus,
508 2663 710 2723 mirabundam
743 2662 857 2738 plebem
892 2662 1044 2730 convertit,
1080 2666 1099 2695 “
1113 2665 1192 2737 quid·

178 2753 313 2804 aa“nam
338 2745 499 2812 incidisset,
535 2763 587 2801 cur
614 2761 650 2800 ex
673 2750 754 2800 tanto
778 2741 927 2799 intervallo
947 2759 1023 2798 rem·
1043 2743 1191 2804 desuetam

214 2833 234 2862 ‘⁴
246 2836 425 2901 usurparent.
469 2822 611 2882 Hostibus
631 2822 763 2896 belloque
783 2820 904 2896 gratiam
919 2821 1092 2891 habendam,
1114 2825 1191 2899 qudd

214 2909 232 2936 “
244 2904 359 2962 solitum
382 2905 538 2979 quidquam
562 2902 660 2960 liberae
687 2901 811 2959 civitatis
839 2899 947 2962 fieret.''
988 2901 1191 2980 Circumspec-

213 2992 277 3040 tare
307 2983 440 3040 omnibus
471 2983 524 3041 fori
555 2982 684 3058 partibus
713 2991 885 3048 senatorem,
920 2979 1041 3056 rardque
1068 3001 1189 3058 usquam

214 3061 374 3119 noscitare:
409 3061 519 3120 curiam
546 3061 614 3120 inde
649 3079 684 3118 ac
716 3059 900 3118 solitudinem
934 3060 1014 3118 circa
1045 3061 1190 3122 decemvi-

177 3157 260 3198 asros
274 3140 395 3212 intueri3
417 3157 505 3218 quum
525 3152 555 3200 et
577 3141 632 3217 ipsi
656 3140 781 3198 invisum
804 3152 948 3198 consensu
971 3140 1134 3216 imperinm,
1158 3153 1189 3200 et

210 3219 303 3296 plebe,
316 3222 384 3296 quia
394 3222 511 3298 privatis
522 3221 569 3297 jur
583 3239 642 3278 non
655 3230 732 3278 esset
746 3219 868 3278 vocandi
888 3228 1030 3287 senatum,
1045 3239 1104 3279 non
1119 3237 1187 3280 con·

210 3301 309 3359 venire
321 3301 421 3359 Patres
444 3301 699 3377 interpretarentur
711 3319 719 3369 3
742 3299 829 3374 “jam
844 3308 932 3372 caput
949 3298 1010 3356 fieri
1024 3299 1187 3360 libertatem

211 3382 230 3412 “
239 3379 443 3455 repetentium,
457 3380 482 3436 si
506 3398 537 3437 se
554 3380 635 3455 plebs
649 3379 783 3438 comitem
797 3377 911 3436 senatui
925 3379 983 3450 det,
997 3388 1037 3446 et,
1051 3379 1186 3453 quomad-

211 3458 363 3517 “modum
376 3445 487 3516 'Patres
510 3459 602 3518 vocati
626 3478 685 3516 non
709 3461 815 3516 coeant
838 3457 869 3514 in
890 3467 1033 3524 senatum,
1048 3457 1090 3512 sic
1104 3453 1186 3526 plebs

173 3541 231 3594 to“
244 3537 541 3596 abnuatdelectum.'²
580 3539 656 3598 Haec
677 3538 803 3595 fremunt
823 3535 931 3613 plebes.
972 3534 1090 3591 Patrum
1106 3531 1186 3588 haud

210 3615 273 3676 fere
287 3617 438 3693 quisquam
451 3617 482 3674 in
496 3616 565 3686 soro,
580 3617 610 3675 in
624 3616 702 3675 Urbe
716 3617 773 3675 rari
787 3624 888 3674 erant:
903 3610 1075 3696 indignitate
1088 3625 1185 3668 rerum

208 3706 359 3756 cesserant
379 3697 410 3754 in
431 3715 534 3774 agros3
555 3715 728 3772 suarumque
751 3712 848 3772 rerum
868 3684 1080 3778 erantamrssd
1093 3684 1186 3759 publi·

208 3777 246 3836 cd
258 3797 266 3848 3
287 3773 399 3838 tantrim
413 3776 450 3836 ab
473 3775 588 3913 injuria8
600 3795 631 3835 se
645 3775 747 3833 abesse
759 3772 824 3837 rati,
843 3774 981 3840 quantum
995 3781 1013 3820 a
1025 3771 1104 3822 ooetu
1117 3783 1185 3826 oon·
