2520 4310
481 283 588 355 tinnit
604 306 704 361 xxm.
722 322 785 360 css.
803 325 867 364 xm.
1108 321 1169 382 209
1257 353 1258 370 r

189 438 318 497 “⁶citus
337 441 479 502 hostium:
500 446 604 505 mittite
625 448 731 508 milites
755 452 846 510 mibi!
886 451 970 516 Quid
992 455 1069 517 aliud
1083 477 1165 538 roga·
1257 499 1258 502 =

188 519 207 549 “
218 535 275 590 res,
290 519 315 576 si
328 537 408 578 esses
422 523 536 582 vietusl
559 526 791 605 ‘Hostiumcepi
809 531 878 590 bina
891 543 994 603 eastra,
1008 539 1110 612 praedae
1123 539 1165 598 vi·

188 603 208 631 ‘⁶
221 596 347 656 ‘delicet
370 599 457 674 plena
470 613 499 659 et
508 615 745 663 commeatuum:
767 607 944 668 frumentum
965 622 995 670 et
1007 617 1163 689 pecuniam

187 673 328 731 “‘date'¹
361 676 445 738 Quid
468 681 557 748 aliud,
579 682 604 740 si
628 684 773 758 spoliatus,
798 686 823 744 si
837 700 941 746 exutus
959 693 1061 750 castris
1074 713 1163 764 esses,
1240 704 1245 712 '

165 754 352 825 ⁵“peteresl
373 755 422 824 Et,
447 776 485 814 ne
503 759 685 836 omnia-ipse
708 762 805 851 rije-r,
832 763 917 840 (mihi
938 785 1050 842 quoque
1074 772 1163 845 enim,

188 831 355 902 “quoniam
369 835 504 909 respondi
526 836 697 912 Himilconi,
719 850 894 918 interrogare
914 843 962 920 jus
981 844 1081 922 fasque
1104 851 1162 928 est)
1256 902 1257 905 ,

188 909 207 938 “
218 907 314 982 velim,
328 929 381 968 seu
394 911 534 983 Himilco,
546 934 598 973 seu
612 916 701 1005 Mago
713 920 901 993 respondeat;
923 939 1012 996 quum
1025 925 1062 982 ad
1076 925 1163 985 iuter·

187 993 206 1022 “
218 987 372 1046 necionem
394 990 523 1048 Romani
548 993 660 1068 imperii
679 1007 838 1070 pugnaturn
852 999 888 1055 ad
903 998 1021 1058 Cannas
1035 1002 1081 1076 sit,
1095 1022 1164 1063 con·
1255 1032 1257 1035 ’

186 1071 205 1099 “
217 1074 329 1154 stetque
343 1067 373 1123 in
396 1069 560 1126 defectione
582 1080 670 1128 totam
694 1072 808 1131 Italiam
822 1093 903 1145 esse:
923 1077 1047 1154 primum
1063 1083 1163 1172 effluis

150 1143 203 1189 1⁰“
215 1140 312 1200 Latini
334 1145 462 1203 nominis
482 1147 604 1223 populus
625 1149 764 1210 defecerit
785 1153 822 1210 ad
843 1157 920 1213 nosl
942 1156 1048 1214 deinde
1062 1177 1163 1234 ecquis

184 1219 309 1288 “homo,
331 1241 370 1279 ex
392 1225 519 1300 quinque
543 1236 573 1283 et
595 1227 713 1304 triginta
738 1230 879 1300 tribubus
907 1233 944 1290 ad
966 1234 1163 1296 Hannibalem

183 1299 452 1376 “transfugeritl”
493 1302 596 1364 Quum
609 1317 761 1382 utrumque
775 1307 864 1386 Mago
878 1312 1032 1386 negasset:
1054 1318 1072 1346 “
1085 1315 1162 1374 Hos·

140 1380 142 1385 '
184 1378 202 1416 ‘³
213 1376 285 1434 tium
309 1379 425 1452 quidem
447 1382 547 1457 erg0,’'
562 1382 663 1458 inquit,
690 1389 707 1416 “
719 1386 815 1443 adhuc
829 1386 915 1445 nimis
928 1389 1051 1448 multum
1064 1410 1162 1466 super-

185 1461 204 1489 “
216 1465 277 1512 est:
300 1458 360 1525 sed,
375 1459 530 1518 multitudo
542 1477 578 1518 aa
601 1462 670 1536 quid
690 1462 861 1538 animorum,
881 1465 985 1541 quidve
998 1469 1059 1545 spei
1073 1469 1161 1528 habe·

148 1541 174 1582 1⁵
183 1534 203 1564 “
216 1544 256 1602 at,
271 1535 346 1592 scire
359 1537 475 1596 velim.’'

222 1688 313 1748 XIII.
334 1691 448 1768 Quum,
462 1696 491 1753 id
510 1698 634 1770 nescire,
659 1698 750 1780 Mago
763 1701 892 1772 diceret;
915 1702 1028 1760 “Nihil
1047 1704 1161 1762 facilius

184 1768 290 1826 “scitu
304 1771 381 1837 est,”
394 1772 496 1847 inquit.
539 1786 558 1813 “
570 1777 687 1851 Ecquos
710 1779 821 1855 legatos
839 1781 875 1837 ad
890 1780 1086 1838 Hannibalem
1100 1783 1163 1842 Ro·

184 1848 294 1904 “mani
318 1849 459 1908 miserunt
486 1854 522 1910 da
543 1857 639 1929 pacel
669 1873 792 1930 ecquam
824 1858 949 1932 denique
982 1860 1162 1922 mentionem
1257 1857 1258 1862 '

185 1930 204 1958 “
215 1925 296 1998 pacis
309 1927 415 1985 Romae
430 1929 536 1988 factam
550 1951 624 2000 esse,
634 1933 750 1993 allatum
766 1935 802 1990 ad
817 1953 867 1992 vos
881 1939 945 1993 esti
958 1936 977 1962 ”
1018 1935 1120 1997 Quum
1130 1938 1160 1995 id
1257 1971 1258 1976 κ

147 2007 173 2048 2⁰
184 2019 296 2076 quoque
321 2007 467 2081 negasset,
490 2009 635 2066 “Bellum
653 2011 771 2086 igitur‚”
790 2011 891 2086 inquit,
905 2021 994 2070 “tam
1014 2013 1160 2089 integrum
1257 2047 1258 2088 3

185 2081 203 2108 “
215 2079 365 2150 habemus,
376 2083 460 2157 quim
477 2086 639 2161 habuimus,
654 2091 709 2162 quii
718 2090 765 2146 die
782 2089 929 2146 Hannibal
943 2091 974 2146 in
988 2089 1102 2148 Italiam
1115 2103 1161 2149 est

183 2164 418 2234 “transgressus
469 2163 571 2223 Quam
592 2165 671 2222 varia
691 2167 811 2225 victoria
834 2167 927 2242 priore
951 2167 1064 2226 Punico
1085 2168 1161 2228 bello

183 2243 202 2269 “
215 2235 310 2310 fuerit,
325 2239 462 2313 plerique,
477 2242 525 2314 qui
539 2243 768 2311 meminerimus,
783 2263 987 2318 supersumus:
1008 2263 1157 2320 nunquam

182 2315 201 2342 ‘⁴
210 2316 286 2371 terri
310 2316 439 2388 marique
453 2319 546 2392 magis
568 2338 709 2394 prosperae
723 2340 770 2378 res
783 2331 888 2379 nostrae
903 2323 968 2380 visae
979 2332 1056 2390 sunt,
1071 2321 1159 2397 quiam

144 2400 172 2441 95
183 2392 202 2420 “
215 2401 282 2446 ante
296 2393 430 2448 consules
444 2394 479 2450 C.
493 2396 643 2453 Lutatium
656 2408 687 2454 et
699 2398 737 2454 A.
752 2399 933 2456 Postumium
946 2401 1070 2457 fuerunt.
1102 2401 1160 2460 Lu·

1 2521 2 2532 ,
92 2524 94 2530 ,
183 2468 202 2497 “
214 2467 285 2525 tatio
307 2479 337 2525 et
358 2468 506 2527 Postumio
527 2472 704 2544 consulibus,
729 2474 835 2531 devicti
859 2476 896 2531 ad
916 2477 1036 2550 AEgates
1050 2478 1159 2536 insulas

183 2551 320 2603 “sumus
362 2545 454 2608 Quod
469 2549 493 2605 si
509 2547 552 2623 (id
567 2549 643 2622 quod
657 2550 707 2608 Dii
720 2569 807 2608 omen
821 2562 949 2609 avertant
961 2551 982 2628 l)
998 2571 1077 2610 nunc
1090 2572 1158 2627 quo·

182 2625 201 2653 “
212 2642 268 2697 que
281 2624 396 2682 fortuna
410 2625 517 2701 aliquid
542 2626 692 2685 variaverit
704 2646 713 2696 3
733 2638 796 2684 tum
810 2647 912 2702 pacem
926 2629 1055 2701 speratis,
1069 2648 1158 2703 quum
1257 2683 1258 2686 ,

182 2703 201 2730 “
214 2702 374 2776 vincemur,
389 2723 475 2778 quam
490 2723 578 2776 nunc,
594 2723 683 2782 quum
703 2705 856 2773 vincimus,
871 2706 920 2762 dat
933 2707 1042 2763 nemo?
1083 2707 1179 2784 Ego,

145 2791 170 2832 ³0
182 2787 201 2815 “
213 2780 237 2836 si
251 2782 315 2857 quis
329 2783 365 2838 de
379 2801 453 2857 pace
464 2783 607 2856 consulet,
631 2801 683 2840 seu
706 2782 862 2841 deferende
885 2783 1024 2856 hostibus,
1048 2802 1099 2842 seu
1110 2803 1158 2843 ac·
1186 2797 1201 2862 J

182 2852 358 2934 “‘oipiendfa
384 2861 487 2934 haben,
512 2861 582 2936 quid
605 2862 757 2920 sententiae
778 2861 892 2919 dicam:
922 2862 946 2918 si
967 2862 1003 2918 de
1026 2861 1070 2934 iis,
1092 2883 1157 2938 quae
1201 2865 1207 2885 ⁴*

123 2941 125 2948 '
182 2944 202 2973 ‘⁴
213 2936 302 3013 Mago
315 2939 448 3013 postulat,
463 2939 586 3012 refertis,
601 2958 657 2998 nec
669 2939 827 2997 victoribus
846 2939 920 2997 mitti
934 2939 1054 2998 attinere
1067 2952 1156 3016 pito:
1212 2944 1230 2953 ’“

182 3023 243 3072 “et
267 3015 469 3075 frustrantibus
492 3037 547 3076 nos
571 3018 642 3075 falsi
667 3027 752 3092 atque
776 3017 855 3078 inani
875 3037 925 3094 spe
949 3017 1038 3076 multi)
1061 3019 1156 3076 minis
1199 3021 1203 3028 ”

182 3097 198 3123 “
211 3112 318 3152 censeo
339 3095 482 3154 mittenda
505 3097 597 3154 esse.'’
650 3096 739 3160 Haud
761 3095 865 3153 multos
888 3096 976 3153 movit
1001 3096 1157 3156 Hannonis

144 3172 290 3230 nonno:
322 3192 389 3232 narn
411 3185 441 3232 et
462 3175 592 3233 simultas
626 3192 694 3232 cum
728 3172 836 3230 familia
863 3173 987 3231 Barcini
1020 3174 1155 3233 leviorem

179 3260 326 3321 auctorem
348 3253 483 3324 faciebat,
507 3263 537 3310 et
549 3252 683 3327 occupati
704 3250 795 3308 animi
815 3251 948 3325 praesenti
960 3252 1059 3309 latitia
1071 3253 1154 3324 nihil,

178 3346 236 3401 quo
250 3329 351 3386 vanius
373 3330 455 3386 fieret
476 3329 615 3405 gaudium
639 3348 735 3401 suum,
750 3328 867 3384 auribus
881 3328 1085 3386 admittebant:
1106 3330 1155 3386 de·

180 3405 375 3480 bellatumque
394 3418 462 3464 mox
475 3407 546 3477 fore,
560 3407 584 3462 si
609 3406 701 3463 anniti
714 3405 862 3480 paululum
875 3403 1041 3476 voluissent,
1054 3406 1156 3464 reban-

179 3493 234 3541 tur.
276 3483 378 3557 Itaque
392 3482 505 3558 ingenti
519 3501 664 3540 consensu
675 3483 707 3540 lit
720 3481 1021 3553 senatus-consultum,
1029 3491 1062 3540 ut
1074 3482 1156 3541 Han·

84 3599 85 3602 *
142 3577 169 3617 :a
178 3560 269 3618 nibali
282 3572 402 3636 quatuor
413 3560 609 3618 Numidarum
621 3559 712 3618 millia
724 3559 756 3616 in
770 3557 1001 3633 supplementum
1011 3559 1158 3619 mitteren-

177 3649 234 3708 tur,
248 3649 278 3697 et
290 3639 482 3716 quadraginta
494 3639 649 3714 elephanti,
663 3647 694 3695 et
708 3635 821 3711 argenti
833 3633 924 3690 multa
935 3632 1053 3693 talenta.
1088 3633 1158 3697 Dic-

177 3729 306 3796 tutorque
320 3737 387 3780 cum
412 3717 545 3796 Magone·
562 3716 592 3773 in
606 3713 781 3793 Hispaniam
793 3709 957 3787 premissus
970 3721 1025 3784 est,
1038 3713 1075 3773 ad
1088 3733 1157 3776 con.
1234 3807 1239 3816 .

540 3793 596 3854 18*
