2556 4314
516 284 622 360 blBER
638 309 674 360 ΙΙ.
690 323 754 362 ω.
770 323 829 400 ¹¹¹⁸.
1117 283 1174 372 ἄ
1187 367 1191 374 .

174 447 301 522 Nuria,
314 449 446 512 redditus
458 453 591 512 clumon·
619 452 666 510 Ita
678 437 747 511 duri
761 452 794 511 in'
805 451 902 511 medio
915 454 1096 529 predabres,
1109 473 1162 514 ns·

185 552 241 608 que
255 535 292 590 ad
314 551 445 608 pugnam
469 532 578 602 uiribus
590 550 685 607 pares,
708 541 739 589 et
751 533 788 590 ad
810 532 908 608 lugam
928 533 1015 610 septis
1027 535 1166 600 omullus

185 613 260 672 riis:
281 612 406 688 finisque
420 612 543 670 illetam
556 611 804 704 elluaeeragandi
817 607 977 676 mrumst
995 612 1024 670 '.
1096 671 1133 704 ·.

227 770 302 830 XIL
323 769 445 829 Obsidio
468 779 530 834 erat
549 768 748 846 nrlr'ilominus‚
762 765 792 827 et
816 765 954 832 srume'nti
968 789 1037 830 cum
1049 771 1163 829 summ&

162 851 308 909 5caritate
322 850 419 926 inopia
431 869 439 919 3
461 849 646 928 sedendoque
666 858 900 925 expugnaturum
920 869 952 908 se
966 851 1068 908 urbem
1082 870 1162 927 sporn

185 930 315 988 Porsena
327 930 470 987 habebat:
492 947 581 1004 quum
602 927 637 986 C.
652 927 781 994 Mucius,
797 929 968 987 adolescens
981 931 1097 999 nobilis,
1112 930 1162 988 cui

165 1008 338 1084 ·indignum
353 1009 512 1080 videbatur,
527 1007 666 1084 populum
691 1008 860 1066 Romanum
873 1008 1057 1082 servientenn
1073 1027 1163 1084 quum

185 1087 237 1146 sub
250 1089 368 1164 regibus
380 1097 466 1160 esset,
481 1084 561 1147 nu'llo
576 1085 723 1147 bellonec
737 1089 773 1146 ab
787 1088 917 1147 hostibus
930 1088 997 1146 ullis
1009 1089 1162 1148 obsessum

90 1179 91 1182 ’
185 1185 266 1236 csse;
287 1167 411 1246 liberum
425 1168 562 1226 eumdem
575 1168 714 1244 populum
735 1167 772 1225 ab
786 1168 889 1226 iisdem
902 1167 1034 1226 Etruscis
1046 1168 1162 1228 obside-

150 1253 177 1294 1⁰
185 1247 218 1318 ri,
231 1266 352 1322 quorum
376 1267 453 1322 saepe
476 1247 621 1306 exercitus
645 1247 771 1317 fuderit3
790 1247 898 1324 itaque,
912 1245 1019 1328 magno
1043 1248 1161 1308 audaci·

185 1345 239 1402 que
264 1327 360 1402 aliquo
384 1327 512 1386 facinore
536 1346 602 1385 eam
625 1326 828 1404 indignitatem
850 1327 1055 1386 vindicandam
1069 1337 1159 1396 ratus,

184 1404 278 1482 primb
302 1406 356 1463 sud
380 1417 482 1482 sponte
502 1417 653 1483 penetm
675 1407 706 1465 in
720 1407 845 1465 hostium
872 1417 967 1471 castra
992 1406 1160 1466 constitnit:

184 1485 253 1542 dein
266 1491 413 1554 metuens,
426 1505 475 1557 ne,
490 1487 515 1543 si
537 1486 690 1544 consulum
713 1486 824 1562 injussu
845 1496 875 1546 et
897 1486 1004 1562 ignaris
1024 1487 1161 1544 omnibus

185 1562 250 1634 iret,
266 1564 338 1620 lorte
362 1565 560 1639 deprehensus
577 1583 602 1620 a
622 1565 791 1622 custodibus
812 1565 956 1624 Romanis
968 1567 1161 1623 retraheretur

148 1657 178 1697 15
187 1652 221 1699 ut
234 1641 395 1716 transfuga,
410 1642 526 1698 fortuna
540 1653 602 1698 tum
615 1643 695 1699 urbis
709 1643 820 1700 crimen
835 1643 995 1700 affirmante
1007 1663 1014 1712 ;
1030 1654 1161 1700 senatum
1253 1691 1256 1698 ,

185 1721 276 1778 adiit:
299 1720 471 1778 “Transire
485 1720 650 1788 Tiberim‚”
665 1721 767 1796 inquit,
782 1729 801 1757 ‘⁴
813 1721 922 1790 Patres,
944 1731 975 1778 et
997 1721 1112 1791 intrare,
1137 1721 1162 1778 si

187 1804 203 1832 “
215 1799 334 1875 possim,
350 1799 581 1858 castrahostium
592 1799 674 1867 rolo;
689 1800 866 1872 nonpraedo,
876 1817 932 1856 nec
941 1798 1162 1874 populationum

186 1878 352 1953 “invicem
367 1878 463 1936 ultor:
477 1879 580 1954 majus,
592 1878 617 1934 si
625 1876 675 1932 Dii
686 1877 798 1950 jurant,
809 1877 839 1933 in
854 1877 951 1934 auimo
961 1888 1004 1934 est
1018 1877 1161 1936 facinus.”

187 1956 358 2032 Approbant
377 1957 496 2014 Patres:
518 1955 616 2012 abdito
639 1953 714 2011 intra
738 1953 847 2012 restem
862 1955 944 2026 ferro,
959 1955 1159 2030 proficiscitur.

144 2035 246 2094 soUbi
261 2034 399 2102 curauit,
413 2034 444 2092 in
463 2031 674 2092 confertissima
691 2032 777 2089 turbri
796 2033 884 2108 prope
906 2034 1019 2110 regium
1033 2037 1159 2095 tribunal

186 2114 326 2173 constitit.
367 2113 413 2171 Ibi
433 2131 523 2188 quum
547 2111 723 2186 stipendium
744 2111 816 2199 sorge
830 2112 971 2170 militibus
988 2114 1115 2183 daretur,
1130 2126 1161 2174 ct

186 2195 291 2262 scriba,
307 2211 375 2250 cum
388 2211 457 2268 rege
471 2191 575 2248 sedens
588 2190 650 2266 pari
669 2189 726 2248 fere*
740 2203 853 2263 ornatu,
867 2191 959 2250 multa
968 2204 1077 2269 ageret,
1092 2213 1161 2252 eum

187 2274 292 2330 milites
305 2269 392 2348 vulgb
406 2271 527 2342 adirent,
542 2270 648 2328 timens
668 2269 819 2339 sciscitari,
844 2281 907 2328 uter
929 2271 1057 2330 Porsena
1074 2283 1160 2348 esset,

187 2370 226 2410 ne
248 2351 405 2428 ignorando
431 2369 532 2426 regem
551 2349 726 2425 semetipse
751 2349 884 2425 aperiret,
908 2352 973 2425 quis
996 2362 1082 2420 esset,
1104 2351 1161 2427 qud

150 2430 293 2494 asternerd
314 2430 401 2488 traxit
424 2429 540 2487 fortuna
560 2428 683 2495 facinus,
708 2427 832 2486 scribam
850 2447 902 2503 pro
915 2449 985 2504 rege
998 2431 1162 2492 obtruncat

188 2511 351 2569 vadentem
366 2509 446 2575 inde,
461 2507 518 2583 qua
531 2525 582 2582 per
598 2506 739 2582 trepidam
753 2507 866 2564 turbam
887 2518 1009 2564 cruento
1022 2527 1163 2568 mucrone

188 2590 244 2648 sibi
258 2591 318 2666 ipse
334 2589 444 2647 lecerat
465 2587 551 2654 viam,
566 2604 665 2659 quum,
688 2603 833 2642 concursu
854 2585 890 2641 ad
906 2586 1063 2642 clamorem
1077 2586 1162 2658 sacto,

86 2673 95 2677 ’
187 2670 429 2745 comprehensum
458 2665 532 2741 regii
556 2664 693 2722 satellites
714 2663 909 2732 retraxissent,
943 2673 1011 2741 ante
1037 2664 1162 2726 tribunal

186 2749 264 2825 regis
286 2741 449 2816 destitutus,
464 2755 527 2803 tum
551 2759 673 2819 quoque,
696 2743 771 2801 inter
792 2754 887 2802 tentas
910 2743 1032 2802 fortunae
1056 2745 1160 2820 minas,
1206 2743 1211 2747 ’

152 2830 362 2887 nometueudus
388 2825 481 2902 magis
495 2823 583 2900 quiun
610 2834 752 2892 metuens,
785 2823 970 2881 “Romanus
996 2826 1091 2894 sum,”
1118 2826 1162 2884 in·

187 2908 258 2983 quit,
282 2913 299 2938 “
311 2906 390 2963 civis.
432 2905 470 2963 C:
481 2904 617 2962 Mucium
631 2912 744 2961 vocant.
786 2903 885 2961 Hostis
899 2905 1011 2963 hostem
1024 2906 1160 2964 occidere

188 2996 209 3023 ⁸⁴
223 2985 319 3042 volui:
343 3003 399 3042 nec
421 2985 459 3042 ad
473 2995 594 3043 mortem
608 2984 705 3048 minus
718 2983 807 3041 animi
821 2993 874 3051 est,
885 2985 972 3059 quim
986 2985 1040 3042 luit
1054 2987 1090 3043 ad
1104 3004 1161 3043 ee-

188 3074 210 3102 ‘⁴
222 3064 299 3121 dem.
339 3063 377 3121 Et
398 3063 492 3122 facere
506 3074 536 3122 et
549 3064 608 3140 pati
624 3063 713 3134 sortia,
728 3063 895 3121 Romanurn
909 3074 961 3122 est.
1003 3064 1070 3124 Nec
1084 3085 1161 3124 unus
1230 3113 1234 3118 .

144 3147 148 3152 '
188 3149 207 3178 “
218 3143 250 3202 in
265 3153 293 3202 te
307 3162 361 3220 ego
375 3145 426 3203 hos
440 3144 552 3202 animos
572 3143 665 3220 gessi:
686 3144 790 3220 longus
803 3153 868 3219 post
880 3163 927 3201 rue
940 3144 1011 3203 ordo
1025 3156 1068 3204 est
1082 3146 1161 3204 idem
1259 3167 1260 3172 ¹

152 3243 177 3285 ts
188 3229 206 3255 “
218 3223 376 3299 petentium
390 3225 490 3283 decus.
531 3223 657 3282 Proinde
672 3223 702 3281 in
717 3224 772 3281 hoc
786 3223 954 3292 discrimen,
969 3224 993 3282 si
1009 3225 1097 3302 juvat,
1112 3245 1161 3284 ac·

189 3312 208 3340 ‘⁶
218 3303 348 3379 cingere,
362 3313 394 3360 ut
419 3304 450 3362 in
464 3302 592 3378 singulas
616 3304 700 3360 horas
718 3303 812 3378 capite
827 3303 949 3361 dimices
962 3314 1031 3375 tu03
1054 3305 1160 3364 ferrum

189 3380 388 3456 “hostemque
409 3381 441 3439 iu
464 3381 603 3440 vestibulo
623 3383 730 3440 habeas
743 3383 839 3458 regiae.
880 3383 947 3450 Hoc
960 3383 1014 3446 tibi
1025 3384 1162 3461 juventus

147 3525 151 3534 ¹
190 3462 357 3518 “Romana
371 3460 527 3518 indicimus
551 3461 667 3520 bellurn.
709 3462 828 3520 Nullam
842 3462 946 3529 aciem,
961 3464 1073 3521 nullum
1086 3477 1161 3534 proc·

169 3545 208 3577 '⁴‘
218 3539 292 3597 lium
319 3539 457 3598 timueris.
512 3539 569 3599 Uni
595 3542 658 3609 tibi,
690 3552 720 3600 et
743 3560 811 3600 cum
835 3541 968 3618 singulis,
994 3559 1041 3598 res
1073 3533 1159 3592 erit.”

153 3645 179 3686 ω
188 3617 294 3697 Quum
314 3638 374 3692 rex,
389 3618 484 3678 simul·
495 3619 538 3678 ira
558 3621 697 3692 infensus,
711 3621 897 3697 periculoque
911 3617 1092 3684 conterritus,
1106 3612 1162 3670 cir·

188 3699 321 3759 cumdari
345 3699 430 3778 ignes
450 3698 668 3762 minitabundus
685 3701 810 3778 juberet,
834 3698 891 3756 nisi
905 3700 1085 3780 expromeret
1097 3709 1164 3774 pro-

188 3778 267 3856 pere,
301 3799 373 3858 quas
396 3778 566 3844 insidiarum
594 3780 650 3842 sibi
673 3779 769 3839 minas
796 3795 847 3852 per
870 3772 1007 3846 ambages
1031 3781 1162 3847 latercli

109 1551 132 1588 4
