2556 4314
154 362 227 422 154·
275 377 283 396 ·
553 361 624 412 ΤΙΤῙ
639 356 728 410 lerr

154 510 173 542 “
185 491 337 584 sponsionis
359 488 507 584 OQ·
541 501 621 568 ¹(lui.
644 513 752 573 tamen,
767 504 882 580 quando
896 503 1006 580 injussu
1029 506 1130 582 populi

153 595 172 624 ‘⁶
185 587 261 645 facta
274 596 327 654 est,
337 599 395 644 non
409 595 522 644 tenetur
532 583 654 661 populus
668 584 839 653 Romanus3
854 583 1078 658 necquidquam
1092 603 1131 644 ex

155 665 231 738 “ed,
259 675 447 740 praeterquam
481 682 600 739 corpora
633 673 730 720 nostra
763 663 904 719 debentur
939 662 1128 720 Samnitibus.

154 752 174 782 ‘⁸
186 743 334 801 Dedamur
347 763 398 820 per
412 742 529 800 feciales
542 741 614 799 nudi
635 741 799 815 vinctique:
821 741 1004 804 exsolvamus
1018 741 1130 820 religio-

155 827 172 854 “
184 841 222 880 ne
235 823 382 898 populum,
397 821 421 878 si
431 821 489 896 quai
502 819 709 897 obligavimus3
730 839 767 876 ue
781 819 850 894 quid
871 819 961 876 divini
975 820 1128 878 humanive
1150 845 1163 883 5

155 909 175 938 “
186 901 288 972 obstet,
303 899 364 976 qud
372 900 469 958 minus
487 899 597 976 justum
610 899 746 974 piumque
767 898 804 954 de
818 898 931 974 integro
944 898 1058 956 ineatur
1071 899 1130 956 bel·

155 979 255 1036 “lum
297 979 413 1036 Interea
434 977 568 1035 consules
591 977 750 1034 exercitum
772 977 908 1050 scribere,
924 995 1045 1045 armare,
1060 977 1130 1035 edu-

155 1061 174 1090 “
185 1076 253 1116 cere
266 1057 361 1133 placet
373 1075 380 1125 ;
402 1075 459 1113 neo
471 1053 550 1130 prids
563 1055 678 1130 ingredi
699 1055 822 1113 hostium
836 1054 919 1128 fines,
933 1056 1019 1130 quam
1032 1055 1131 1114 omnia

155 1141 172 1169 “
180 1136 258 1212 justa
271 1137 302 1192 iu
315 1133 492 1197 deditionem
506 1143 632 1191 nostram
647 1134 780 1209 ,perlecta
793 1143 887 1190 erunt.
929 1135 997 1206 Vos,
1012 1134 1062 1192 Dii
1075 1135 1132 1213 im·
1217 1172 1220 1178 ι

156 1223 175 1250 ‘⁶
186 1215 330 1281 mortales,
357 1232 458 1289 precor
485 1231 647 1288 quaesoque,
675 1213 700 1270 si
714 1211 793 1269 vobis
817 1231 876 1269 uon
898 1212 951 1269 fuit
970 1213 1062 1281 cordi,
1078 1215 1129 1288 Sp.
1142 1237 1164 1277 ιο

155 1297 173 1324 “
185 1292 374 1360 Postumium,
396 1291 435 1349 Τ.
449 1290 611 1358 Veturium,
626 1289 760 1356 consules
774 1309 841 1351 curn
861 1291 1040 1348 Samnitibus
1053 1310 1131 1366 pros·

156 1379 175 1408 “
186 1370 254 1447 perd
269 1371 376 1428 bellum
390 1389 489 1446 gerere
504 1388 513 1437 3
534 1379 564 1426 at
577 1388 626 1426 vos
639 1369 717 1426 satis
729 1369 868 1437 habeatis,
883 1369 989 1426 vidisse
1010 1389 1062 1426 nos
1076 1371 1129 1428 sub

156 1449 287 1525 “jugum
311 1449 422 1516 missos,
441 1447 553 1504 .vidisse
577 1447 730 1522 sponsione
753 1447 854 1505 infami
867 1448 1019 1528 obligatos,
1034 1449 1129 1508 videre

156 1529 281 1586 “nudos
304 1528 471 1602 vinctosque
496 1525 626 1589 hostibus
650 1526 772 1594 deditos,
786 1545 904 1599 omnem
919 1527 1129 1602 iramhostium

156 1607 291 1664 “nostris
315 1606 457 1682 capitibus
478 1605 662 1679 excipientes.
711 1605 811 1663 Novos
834 1606 969 1663 consules
989 1605 1163 1682 legiones-15

157 1688 176 1717 “
187 1700 242 1760 que
256 1685 407 1742 Romanas
430 1684 472 1741 ita
494 1703 570 1748 cum¹
587 1683 719 1745 Samnite
739 1703 838 1760 gerere
860 1685 968 1742 bellum
982 1685 1084 1752 velitis,
1098 1696 1130 1743 ut

157 1764 282 1823 “omnia
308 1772 375 1821 ante
399 1781 452 1821 nos
478 1762 611 1820 consules
638 1762 713 1819 bella
738 1773 820 1838 gesta
843 1763 939 1820 sunt.”
980 1763 1057 1823 Quoe
1080 1762 1130 1820 ubi

156 1841 238 1915 dixit,
256 1852 342 1900 tanta
364 1841 448 1899 simul
471 1841 621 1898 admiratio
640 1841 840 1916 miseratioque
864 1842 918 1898 viri
931 1841 1049 1899 incessit
1068 1841 1131 1898 om-'

156 1939 218 1988 nes,
242 1931 274 1978 ut
294 1918 379 1980 modd
392 1917 440 1976 iix
459 1919 621 1991 crederent,
643 1919 723 1978 illum
737 1920 872 1978 eumdem
885 1939 948 1979 esse
963 1921 1011 1994 Sp.
1026 1919 1130 1977 Postu·

155 1998 256 2065 mium,
271 1998 320 2072 qui
334 2008 433 2057 auctor
446 2007 504 2056 tam
527 1998 610 2055 soedae
623 1998 704 2073 pacis
718 1998 834 2067 luisset3
857 1997 942 2056 modo
956 1999 1128 2056 miseraren·
1138 2020 1163 2062 sc

154 2086 211 2144 tur,
223 2075 300 2150 qudd
313 2076 356 2133 vir
369 2076 434 2133 talis
446 2075 534 2133 etiam
553 2076 732 2152 praecipuum
747 2078 824 2152 apud
844 2077 941 2134 hostes
955 2075 1129 2152 supplicium

155 2171 290 2229 passurus
304 2164 379 2212 esset
392 2155 429 2212 ob
442 2154 514 2212 iram
535 2154 683 2230 diremptae
695 2155 784 2230 pacis.
825 2154 928 2217 Quum
941 2174 1051 2228 omnes,
1066 2154 1130 2212 lau·

156 2231 242 2290 dibus
255 2231 340 2292 modd
353 2243 557 2310 prosequentes
577 2234 679 2307 virum,
700 2232 914 2291 insententiam
929 2233 992 2308 ojus
1004 2233 1130 2308 pedibus
1165 2297 1167 2300 ,

156 2313 247 2382 irent3
268 2322 378 2370 tentata
403 2312 547 2387 paulisper
581 2309 749 2370 intercessio
782 2321 826 2369 est
858 2311 895 2368 ab
927 2311 961 2368 L.
988 2309 1072 2367 Livio
1100 2320 1130 2369 et

144 2389 197 2453 Ὠ.
212 2391 320 2458 Maelio,
329 2389 451 2448 tribunis
464 2390 556 2466 plebis
568 2409 575 2460 3
597 2391 655 2466 qui,
668 2400 687 2428 ‘⁶
698 2409 793 2466 neque
807 2389 914 2448 exsolvi
928 2389 1067 2466 religione
1081 2407 1130 2464 po-
1139 2411 1164 2453 25
1262 2443 1263 2456 ,

158 2471 314 2545 “pulum'’
330 2470 456 2538 aiebant,
470 2474 490 2501 ‘⁴
502 2469 649 2528 deditione
665 2468 728 2537 suta,
752 2469 807 2526 nisi
821 2468 919 2526 omnia
939 2469 1128 2542 Samnitibus,

158 2552 177 2581 “
188 2549 366 2626 qualiaapud
379 2548 523 2608 Caudium
532 2549 664 2616 fuissent,
675 2547 893 2605 restituerentur
905 2567 912 2603 z
933 2567 1028 2624 neque
1039 2567 1069 2606 se
1078 2567 1130 2624 pro
1204 2543 1209 2554 '

158 2636 178 2664 ‘⁶
189 2647 234 2702 eo,
248 2628 335 2704 qudd,
358 2627 526 2703 spondendo
539 2646 652 2702 pacem,
667 2627 829 2684 servissent
849 2627 1009 2684 exercitum
1023 2625 1129 2702 populi

158 2715 178 2743 “
189 2705 327 2774 Romani,
342 2725 456 2782 posnam
470 2706 557 2764 ullam
570 2706 687 2764 meritos
701 2724 764 2762 esse
776 2723 893 2779 ;·neque
907 2706 944 2762 ad
957 2715 1129 2778 extremum,

158 2787 177 2818 “
189 2783 278 2860 quim]
292 2784 468 2846 sacrosancti
481 2794 587 2857 esseut,
602 2785 670 2846 dodi
683 2784 813 2845 hostibus
827 2783 961 2842 violarive
974 2785 1088 2863 posse.'’
1139 2809 1165 2852 ω

168 2959 171 2964 ·
197 2943 253 3000 IX.
275 2943 353 3003 Tum
375 2945 548 3023 Postumius,
570 2947 720 3006 “Interea
740 2945 867 3019 dedite‚”
892 2945 995 3027 inquit,
1010 2942 1132 3019 “prola-

158 3030 178 3059 “
193 3041 321 3091 nosnos,
346 3043 416 3100 quos
437 3026 515 3084 salva
535 3025 674 3104 religione
697 3026 834 3102 potestis:
856 3026 968 3083 dedetis
982 3023 1088 3102 deinde
1101 3031 1131 3079 et

159 3100 255 3158 “istos
268 3114 476 3179 sacrosanctos,
489 3124 577 3181 quum
591 3103 713 3182 primdm
728 3106 896 3182 magistratu
911 3103 1054 3171 abierint3
1070 3101 1130 3171 sed,

159 3183 177 3210 ‘¹
188 3179 212 3236 si
227 3198 273 3237 me
288 3183 419 3251 audiatis,
443 3184 533 3260 priris,
555 3183 641 3260 quim
666 3185 818 3252 dedantur,
828 3185 887 3252 ‚hlo
901 3183 930 3240 in
945 3181 1064 3240 comitio
1077 3180 1132 3237 vir·
1262 3251 1263 3258 ἵ

158 3257 233 3334 “gis
247 3261 347 3334 caesos,
361 3262 438 3320 hanc
449 3263 509 3340 jam
524 3274 556 3320 ut
569 3263 744 3320 intercalatae
758 3281 850 3337 poenae
864 3281 980 3319 usuram
994 3260 1131 3317 habeant·
1142 3281 1167 3322 ss
1262 3261 1263 3266 '

159 3337 265 3396 “Nam
280 3338 355 3414 quod
369 3342 515 3400 deditione
536 3343 634 3399 nostra
647 3351 756 3417 negant
769 3342 876 3399 exsolvi
890 3341 1029 3416 religione
1043 3357 1133 3417 popu·
1262 3349 1263 3372 ¹

159 3417 258 3489 “lum,
286 3418 316 3476 id
338 3415 407 3478 istos
430 3421 532 3497 magis,
557 3439 595 3477 ne
619 3420 771 3488 dedantur,
797 3421 883 3495 quim
906 3420 974 3494 quia
987 3418 1028 3476 ita
1042 3435 1133 3475 seres

158 3496 301 3570 “habeat
324 3499 432 3573 dicere,
456 3499 520 3574 quis
535 3497 606 3556 aded
627 3499 700 3574 juris
721 3499 867 3557 fecialium
888 3517 991 3574 expers
1015 3506 1069 3564 est,
1085 3495 1133 3570 qui

158 3575 324 3653 “ignorati
365 3578 470 3652 Neque
491 3597 546 3652 ego
569 3577 682 3656 inficias
703 3597 747 3652 eo,
772 3577 872 3636 Patres
892 3575 1060 3652 conscripti,
1074 3583 1134 3632 tam
1174 3605 1183 3614 ·

98 3675 123 3696 ³
159 3656 359 3730 “sponsiones
382 3655 469 3729 qudm
491 3656 599 3724 foedera
622 3660 723 3714 sancta
746 3676 809 3714 esse
834 3658 910 3733 apud
926 3676 977 3714 eos
991 3655 1171 3720 hominess
1262 3649 1263 3664 ¹

159 3733 268 3807 “apud
282 3751 353 3806 quos
371 3734 456 3808 juxta
480 3734 591 3791 divinas
614 3735 769 3810 religiones
783 3735 855 3792 fides
863 3737 998 3794 bumana
1010 3732 1114 3792 colitur
1127 3751 1134 3787 ε
1177 3739 1180 3742 '

161 3816 181 3845 ‘⁶
193 3811 245 3868 sed
259 3810 375 3886 injussu
397 3811 494 3890 populi
508 3827 584 3892 nego
597 3813 751 3892 quidquam
767 3815 874 3873 sanciri
888 3834 982 3893 posse,
997 3811 1073 3892 quod
1086 3828 1136 3890 po·
