2556 4314
538 279 648 330 LIBER
663 278 709 330 Vl.
721 291 785 328 cas.
801 293 859 328 xrv.
912 347 917 358 ι
1129 277 1186 338 137

204 421 337 484 omnium
361 439 400 480 ex
422 419 557 482 Patribus
570 421 716 498 popularis
730 421 835 494 lactus
853 437 921 480 eum
943 419 1065 500 plebejis
1078 421 1183 498 magis·

205 503 328 562 tratibus
340 501 465 562 consilia
477 502 712 572 communicere;
734 501 914 560 criminando
931 500 1040 570 Patres,
1055 502 1183 560 allicien-

206 583 244 653 do
258 583 297 640 ad
321 601 353 640 se
376 581 501 659 plebem,
520 581 581 658 jam
604 581 686 658 cord,
710 599 769 640 non
790 580 921 650 oonsilio,
943 581 1022 649 ferri,
1042 581 1182 658 fameque

206 679 323 740 magna
346 661 432 720 malle
453 659 541 738 qudm
565 661 648 720 bonae
676 679 760 720 esse:
779 669 820 729 et,
845 680 904 720 nou
931 671 1085 720 contentus
1105 679 1185 737 agra·

183 742 260 802 ariis
285 741 410 818 legibus,
436 759 500 816 qum
521 741 642 800 materia
662 759 775 818 semper
801 739 926 798 tribunis
950 741 1043 818 plebis
1069 740 1185 799 seditio·

209 841 282 880 uum
290 821 399 890 fuisset,
410 821 499 880 fidem
509 821 603 888 moliri
612 821 718 897 coepit:
741 825 760 854 ‘⁴
769 820 895 878 acriores
903 821 1009 896 quippe
1018 820 1083 878 aeris
1098 819 1185 878 alieni

210 901 373 961 “stimulos
386 920 458 972 esse,
472 901 594 976 quinon
615 910 773 976 egestatem
787 899 873 960 modo
897 910 982 976 atque
996 900 1185 976 ignominium

210 983 228 1012 ‘⁴
237 981 393 1052 minentur,
408 981 465 1038 sed
472 998 563 1050 aergo
575 999 611 1038 ao
624 979 749 1038 vinculis
762 994 867 1055 corpus
876 979 1001 1037 liberum
1011 979 1145 1038 territent
1155 979 1184 1036 :’'

207 1069 237 1118 et
248 1070 312 1121 erat
325 1059 391 1118 aeris
412 1043 519 1120 alteris
523 1077 630 1136 magna
642 1059 695 1126 ris,
708 1077 740 1117 re
754 1058 976 1117 damnosissima
990 1059 1078 1116 etiam
1091 1058 1186 1116 diviti·

173 1138 269 1212 rtbus,
285 1139 457 1198 edificando
478 1147 637 1198 conuecta.
678 1138 792 1198 Bellum
813 1139 910 1214 itaque
931 1137 1083 1212 Volscum,
1097 1155 1185 1218 meve

207 1237 258 1295 per
271 1237 313 1292 se,
337 1230 491 1280 oneratum
515 1218 684 1278 Latinorum
699 1229 783 1294 atque
798 1218 993 1278 Hernicorum
1009 1217 1184 1291 defectione,

208 1299 380 1376 inspeciem
401 1318 498 1358 causae
516 1299 666 1375 jactatum,
688 1309 721 1357 ut
744 1298 833 1375 major
853 1308 979 1375 potestas
999 1307 1184 1375 quaereretur.

208 1379 268 1438 Sed
281 1399 355 1439 nova
375 1379 498 1438 consilia
519 1379 622 1436 Manlii
636 1378 729 1456 magis
743 1378 907 1454 compulere
921 1389 1055 1438 senatum
1075 1378 1113 1436 ad
1126 1377 1188 1438 dic·

208 1467 329 1528 tutorem
350 1460 519 1518 creandum.
568 1459 692 1516 Crestus
713 1458 750 1517 A.
775 1458 929 1517 Cornelius
949 1459 1059 1520 Cossus
1081 1455 1188 1536 magis·
1261 1495 1262 1500 κ

173 1552 199 1596 ra
209 1549 286 1600 uum
298 1539 428 1617 equitum
442 1539 514 1598 dixit
528 1538 567 1598 Τ.
581 1538 958 1615 muntium-Capitolinum.

251 1697 337 1758 XIV.
358 1695 489 1758 Dictator
507 1699 668 1758 exercitum
689 1697 720 1756 in
735 1697 843 1757 stativis
856 1698 984 1772 tenebat,
999 1693 1121 1756 minime
1135 1696 1188 1756 du·

211 1778 286 1848 bins,
301 1777 410 1838 bellum
423 1798 492 1839 cum
510 1779 555 1838 his
569 1779 682 1856 populis
695 1778 798 1837 Patres
815 1777 964 1856 jussuros3
985 1796 1075 1853 quum
1098 1776 1188 1854 major

209 1857 288 1917 domi
302 1867 401 1918 exorta
422 1859 515 1920 moles
534 1860 631 1936 coago
650 1859 741 1918 acciri
757 1857 884 1916 Romam
905 1876 983 1926 eum,
997 1855 1139 1934 gliscente
1157 1855 1188 1914 in

210 1935 273 1995 dies
281 1938 433 2006 seditione,
444 1957 531 2014 quam
540 1939 622 1998 solito
633 1939 726 2016 magis
737 1938 922 1996 metuendam
934 1947 1034 1996 auctor
1042 1936 1168 1996 faciebat
1180 1956 1187 1992 ε

172 2028 199 2068 ⁹⁰
210 2035 270 2076 non
281 2016 358 2074 enim
370 2017 431 2094 jam
444 2017 589 2078 orationes
597 2019 682 2076 modd
693 2017 736 2075 Μ.
751 2016 864 2090 Manlii,
880 2017 930 2074 sed
942 2017 1028 2086 facta,
1038 2017 1189 2094 popularia

209 2095 393 2172 inspeciem,
414 2097 590 2156 tumultuosa
609 2098 722 2166 eadem,
737 2097 794 2174 qud
808 2106 905 2156 mente
919 2096 1031 2165 fierent,
1047 2097 1189 2156 intuenda

208 2185 300 2234 erant.
322 2175 675 2245 Centurionemmobilem
684 2177 857 2236 militaribus
866 2176 959 2246 sactis,
968 2177 1189 2253 judicatumpe·

206 2255 302 2314 cunia
312 2255 616 2336 quumduoividisset‚
625 2257 722 2315 medio
731 2256 792 2316 foro
800 2256 1053 2315 oumoatcrvdsud
1062 2256 1189 2314 accurrit
1238 2315 1244 2336 δ

207 2344 237 2392 et
247 2337 367 2393 manum
376 2335 491 2410 injecit:
505 2335 735 2411 vociferatusque
746 2337 782 2394 de
793 2335 929 2412 superbid
937 2335 1067 2404 Patrum,
1077 2355 1113 2394 ae
1123 2355 1189 2395 cru·

170 2413 325 2472 sodalitate
345 2414 560 2492 imperatorum,
582 2423 612 2472 et
635 2413 758 2475 miseriis
770 2414 871 2489 plebis,
885 2413 1039 2473 virtutibus
1060 2416 1122 2492 ejus
1135 2416 1188 2474 viri

207 2492 392 2566 fortunaque,
431 2492 541 2550 “Tum
561 2489 629 2549 vero
650 2491 736 2567 ego‚’'
758 2491 861 2568 inquit,
885 2493 1112 2568 “nequidquam
1133 2495 1189 2552 bac

209 2571 344 2629 “dextrd
365 2569 542 2646 Capitolium
564 2587 717 2646 arcemque
741 2570 923 2638 servaverim,
948 2572 973 2628 si
997 2571 1091 2629 civem
1113 2591 1190 2630 com·

209 2649 460 2725 “militonemque
482 2668 590 2720 meum,
613 2659 759 2724 tamquam
781 2649 873 2708 Gallis
893 2650 1049 2710 victoribus
1063 2661 1188 2728 captum,

208 2730 268 2788 “in
290 2729 459 2789 servitutem
482 2749 519 2788 ao
538 2729 656 2787 vincula
677 2729 746 2788 duci
769 2727 914 2788 videam.’'
955 2727 1029 2789 Inde
1043 2726 1113 2790 ‘rem
1127 2751 1189 2791 cre-

173 2809 294 2869 aoditori
307 2808 402 2886 palam
416 2810 521 2888 populo
535 2809 629 2883 solvit,
650 2808 779 2885 libraque
794 2819 824 2867 st
838 2803 893 2870 aere
906 2809 1060 2870 liberatum
1073 2813 1188 2886 emittit,

207 2889 288 2948 Deos
302 2899 387 2966 atque
411 2890 545 2949 homines
568 2889 771 2963 obtestantem,
793 2899 827 2948 ut
847 2889 890 2948 M.
905 2889 1025 2966 Manlio,
1040 2891 1187 2953 liberatori

208 2987 271 3040 suo,
289 2967 402 3044 parenti
425 2969 518 3046 plebis
537 2969 692 3040 Romane,
715 2968 838 3046 gratiam
862 2968 995 3032 referant.
1037 2971 1188 3052 Acceptus

208 3049 353 3124 extemplo
366 3048 397 3107 in
411 3050 617 3110 tumultuosam
637 3048 760 3122 turbam,
783 3060 813 3108 et
834 3049 896 3126 ipse
920 3051 1075 3114 tumultum
1099 3073 1187 3132 auge-

200 3127 267 3195 ·bat,
281 3127 433 3187 cicatrices
456 3140 593 3206 acceptas
616 3129 743 3207 Vejenti,
765 3129 890 3204 Gallico,
915 3131 1034 3208 aliisque
1049 3133 1188 3212 deinceps

123 3213 129 3220 '
172 3207 300 3277 sabellis,
313 3216 472 3268 ostentans.
515 3214 535 3242 “
545 3210 584 3268 Sa
598 3207 781 3279 militantem,
797 3229 828 3268 se
850 3211 1051 3272 restituentem
1073 3233 1187 3274 eversos

208 3290 226 3318 “
237 3297 367 3364 penates,
380 3287 533 3366 multiplici
545 3289 605 3366 jam
618 3300 693 3368 the
707 3290 848 3360 exsulum,
859 3292 1061 3370 mergentibus
1074 3312 1186 3368 semper
1252 3295 1253 3298 ’

207 3373 228 3403 “
239 3377 345 3426 sortem
358 3369 464 3436 usuris,
478 3369 613 3426 obrutum
621 3370 736 3444 Q&
747 3389 830 3430 esse:
853 3371 949 3431 videre
962 3373 1071 3439 lucem,
1083 3373 1184 3440 sorum,
1231 3416 1233 3425 ,

208 3449 228 3478 “
239 3446 416 3516 civiumora,
431 3445 474 3504 M.
486 3444 590 3506 Manlii
601 3452 706 3525 opera:
720 3449 818 3510 omnia
827 3453 978 3528 pareutum
992 3449 1136 3508 beneficia
1149 3447 1185 3503 ab
1261 3487 1262 3512 q

209 3526 228 3555 “
240 3523 289 3584 illo
302 3545 333 3584 se
348 3525 472 3587 babere:
494 3527 535 3585 illi
549 3528 688 3588 devovere
702 3529 829 3608 corporis
842 3531 964 3606 vitaeque
986 3524 1186 3598 ac'sanguinis

170 3621 198 3666 tt
209 3611 228 3642 “
239 3606 316 3682 quod
346 3606 478 3684 supersit.
518 3606 734 3686 Quodcumque
748 3611 803 3670 sibi
824 3629 893 3667 cum
917 3606 1018 3681 patris,
1032 3601 1185 3687 penatibus

207 3688 227 3718 “
237 3685 364 3764 publicis
377 3705 412 3745 ac
426 3685 553 3764 privatis,
565 3689 639 3766 juris
651 3690 751 3758 fuerit,
763 3689 793 3746 id
807 3702 876 3748 cum
889 3702 948 3742 uno
962 3683 1078 3762 h⁰¹¹¹3¹¹9
1093 3681 1184 3733 esse.”

207 3763 263 3826 His
276 3767 398 3830 vocibus
410 3767 550 3863 iggtinota
562 3768 662 3906 pqqepes
675 3784 765 3844 quum
784 3765 845 3841 jam
859 3759 946 3818 unius
959 3755 1085 3810 hominis
1098 3766 1184 3826 esset,
1205 3785 1212 3792 -
1260 3799 1262 3804 .
