2556 4314
473 258 579 372 Lmen
596 293 642 346 tx.
660 309 723 349 cnr.
740 311 779 347 rx.
1057 300 1116 383 {⁵5

129 438 271 517 ·“pulum
294 448 399 497 teneat.
441 439 501 514 An,
526 440 551 496 si
568 437 679 497 'eidem
703 439 848 516 mpoebii,
862 438 920 514 qud
933 439 1114 514 sponsionem
1214 466 1216 470 ·

146 521 258 579 “istam
279 529 481 594 expresserunt
505 517 589 576 nobis
613 518 768 591 Samnites,
782 519 946 595 oosgissent
963 537 1015 576 nos
1028 521 1116 578 verba
1150 549 1168 596 ¹·

146 597 306 673 “legitima
329 597 497 654 dedentium
521 597 608 654 urbes
628 612 809 672 nuncupare,
831 597 960 654 deditum
981 598 1116 672 populum
1147 599 1167 613 “’

145 676 342 734 “Romanum
364 694 413 733 vos
435 675 543 737 tribuni
567 675 712 743 diseretis,
736 686 765 732 et
785 676 861 733 hano
875 675 987 743 urbem,
1000 676 1117 751 templa,

122 755 303 822 ⁵“delubra‚
328 753 410 827 fi'nes,
424 755 522 829 aq'uas,
547 753 721 811 Samnitium
744 755 830 812 essel
871 753 985 818 Omitto,
999 754 1119 813 deditio·

144 837 163 866 “
175 852 253 907 nem,
268 833 403 910 quoniam
427 831 463 890 d'e
485 832 637 908 sponsione
656 832 770 908 agitur:
791 832 860 908 quid
874 833 1002 905 tandem,
1017 833 1041 890 si
1055 851 1119 909 spo-

144 913 384 987 “pondissemus,
413 912 513 969 urbem
540 911 617 967 hane
642 911 811 968 relicturum
836 911 975 987 populum
1008 911 1118 969 Roma·
1197 979 1200 986 Ι

72 1041 75 1047 .
144 992 264 1046 “numi
285 989 309 1047 si
319 991 508 1066 incensurum
524 991 536 1044 l
558 989 582 1045 si
596 989 789 1064 magistratus,
804 989 828 1046 si
843 999 984 1061 senatum,
1000 990 1024 1046 si
1038 989 1118 1067 leges

144 1075 162 1104 “
174 1086 232 1126 non
248 1068 434 1137 habiturum?
454 1067 478 1125 si
500 1066 554 1126 sub
577 1067 694 1142 regibus
707 1067 859 1124 futuruml
882 1067 949 1125 ‘Dii
962 1067 1081 1129 meliora
1092 1067 1116 1124 l'

85 1139 88 1146 ⁴
112 1153 134 1194 1⁰
144 1153 162 1183 ‘⁶
173 1145 288 1221 inquis:
310 1146 387 1221 atqui
411 1165 470 1204 non
494 1145 653 1223 indignitas
676 1161 772 1203 rerum
794 1139 955 1221 sponsionis
968 1145 1117 1204 vinculum
1135 1185 1157 1247 [ι

143 1233 162 1262 “
172 1224 255 1282 levat.
298 1225 331 1282 Si
354 1225 490 1300 quidest,
514 1225 544 1282 in
558 1243 614 1300 quo
626 1224 747 1301 obligari
765 1225 886 1301 populus
899 1224 998 1300 possit,
1012 1225 1043 1281 in
1057 1243 1118 1283 om·
1135 1262 1138 1275 ι

143 1304 217 1361 “nia
242 1313 356 1385 potestt
386 1314 416 1361 et
439 1323 477 1361 ne
492 1304 571 1361 'illud
595 1303 721 1378 quidem,
745 1304 821 1382 quod
845 1295 988 1378 quosdam
998 1301 1116 1376 forsitan

142 1384 161 1413 “
170 1393 293 1455 moveat,
307 1382 404 1455 refert,
425 1382 536 1451 oonsul,
551 1401 589 1440 an
602 1383 733 1450 dictator,
755 1402 792 1439 an
805 1392 909 1458 pretor
922 1381 1115 1458 spoponderit.
1128 1381 1150 1428 ¹³⁴
1180 1443 1187 1458 ,
1250 1391 1252 1396 ’

142 1460 212 1518 “Et
225 1462 282 1519 hoe
297 1461 351 1536 ipsi
372 1461 460 1518 etiam
482 1461 627 1517 Samnites
645 1461 856 1536 judicaverunt,
871 1461 975 1536 quibus
988 1480 1047 1519 non
1062 1460 1117 1519 fuit

109 1546 132 1586 1⁵
142 1541 161 1570 “
172 1540 242 1596 satis
255 1539 392 1598 eonsules
413 1540 574 1614 spondere;
596 1540 647 1598 sed
667 1538 786 1614 legatos,
801 1548 970 1614 quaestores,
985 1540 1117 1598 tribunos

142 1625 162 1653 “
173 1618 311 1685 militum,
334 1618 475 1693 spondere
496 1624 663 1693 coegerunt.
703 1617 770 1675 Neo
783 1636 801 1674 a
813 1637 860 1674 me
873 1635 954 1676 nuno
967 1617 1117 1692 quisquam

142 1698 161 1726 “
172 1695 349 1770 quaesiverit,
373 1696 442 1771 quid
465 1696 506 1754 ita
518 1695 719 1772 spoponderim
732 1699 743 1752 l
764 1714 854 1770 quum
878 1695 908 1765 id
921 1714 977 1753 neo
991 1695 1127 1752 consulis-

141 1773 218 1850 “jus
231 1784 328 1844 esset,
350 1793 413 1837 nee,
430 1774 486 1832 illis
510 1775 650 1864 spmrdffie
673 1793 787 1850 paoem,
811 1792 875 1848 quae
896 1773 954 1830 mei
977 1791 1036 1830 non
1057 1783 1119 1832 erat

142 1861 162 1889 ‘⁶
174 1852 297 1925 arbitrii,
324 1871 380 1910 neo
401 1872 455 1928 pro
476 1854 566 1921 vobis,
591 1854 640 1928 qui
660 1852 732 1910 nihil
754 1852 975 1920 mandaveratis,
989 1868 1114 1928 possem.

106 1937 132 1978 2⁰
143 1937 161 1966 “
172 1931 256 1988 Nihil
283 1931 332 1988 ad·
344 1931 499 1999 Caudium,
524 1932 624 1988 Patres
648 1931 815 2006 conscripti,
839 1929 974 1988 humanis
988 1930 1119 1988 oonsiliis

141 2012 288 2086 “gestum
303 2019 354 2067 est.
396 2009 445 2067 Dii
467 2009 640 2066 immortales
653 2019 683 2066 et
697 2009 797 2066 vestris
810 2019 839 2067 et
857 2009 982 2069 hostium
995 2009 1118 2085 impera-

142 2090 283 2146 “toribus
306 2097 433 2146 mentem
455 2089 641 2146 ademerunt:
662 2107 719 2146 neo
736 2087 795 2146 ¹nos
819 2088 850 2145 iu
864 2087 938 2146 bello
959 2088 1027 2146 satis
1041 2089 1117 2146 oavi-
1219 2125 1226 2134 ·

140 2170 159 2199 ‘⁴
170 2187 256 2239 mus;
279 2177 309 2225 et
321 2167 362 2225 illi
376 2166 450 2224 male
464 2177 574 2243 partam
584 2167 733 2225 victoriam
746 2167 821 2225 male
835 2167 1032 2242 perdiderunt,
1047 2168 1116 2224 dum

25 2295 26 2304 ,
139 2247 215 2304 “vix
238 2247 323 2316 loeis,
344 2246 448 2322 quibus
461 2247 599 2314 iioerant,
620 2247 754 2318 eredunt,
769 2246 837 2302 dum
851 2246 1033 2321 qudcumque
1048 2263 1118 2304 oon·

25 2355 26 2384 t
104 2331 157 2372 Μ
170 2325 284 2382 ditione
305 2344 384 2382 arma
406 2325 474 2382 viris
494 2325 625 2397 inarma
648 2325 723 2382 natis
741 2325 853 2382 auferre
868 2325 1013 2382 festinant.
1055 2326 1116 2393 An,

137 2405 192 2460 “si
207 2421 283 2460 sana
295 2422 378 2459 mens
391 2402 500 2470 fuisset,
515 2403 632 2459 difficile
645 2402 702 2459 illis
715 2403 779 2473 suit,
799 2403 869 2460 dum
883 2422 967 2460 senes
981 2403 1017 2460 ab
1032 2404 1118 2462 domo

137 2486 157 2514 “
170 2482 208 2539 ad
223 2480 449 2540 consultandum
463 2489 621 2550 arcessunt,
635 2479 748 2536 mittere
762 2480 889 2537 Romam
903 2482 1035 2556 legatosl
1049 2500 1118 2540 oum

137 2565 157 2593 “
169 2570 288 2629 senatu,
311 2578 379 2618 eum
402 2558 517 2634 populo,
542 2559 578 2614 de
600 2576 673 2632 paee
697 2576 732 2615 ao
753 2556 861 2614 foedere
882 2559 991 2634 agerel
1011 2558 1118 2617 Tridui

139 2640 227 2698 “iter
243 2638 386 2715 expeditis
409 2647 487 2695 erat:
508 2637 619 2694 interea
642 2635 672 2692 in
696 2635 824 2692 induciis
837 2653 883 2692 res
899 2635 1010 2708 suisset,
1024 2635 1119 2694 donee
1184 2662 1188 2670 ·

105 2725 131 2765 ³⁰
141 2727 160 2755 “
171 2719 210 2776 ab
224 2718 325 2777 Romi
344 2716 432 2793 legati
455 2725 504 2772 aut
527 2713 676 2772 victoriam
696 2714 753 2770 illis
766 2723 886 2786 certam,
900 2724 949 2771 aut
962 2725 1064 2789 pa'eem
1079 2715 1119 2772 ai·

141 2805 160 2834 ‘⁶
172 2799 292 2855 ferrent.
334 2795 380 2853 Ea
393 2796 510 2868 demum
524 2793 640 2870 sponsio
653 2803 738 2865 esset,
753 2791 839 2869 quam
852 2792 949 2869 populi
960 2793 1041 2869 jussu
1055 2813 1120 2870 spo-

140 2877 381 2953 “pondissemus
423 2874 483 2932 Sed
507 2893 601 2948 neque
622 2892 672 2930 vos
695 2872 842 2941 tulissetis,
858 2890 914 2930 neo
927 2891 980 2930 nos
996 2891 1119 2949 spopon-

140 2963 160 3032 f‘
170 2957 335 3013 dissemus:
357 2971 413 3011 neo
427 2953 469 3010 sas
490 2952 544 3010 suit
555 2953 645 3010 alium
664 2971 760 3010 rerum
774 2951 882 3009 exitum
897 2969 970 3020 esse,
985 2951 1071 3026 quim
1086 2963 1118 3011 ut

141 3043 160 3070 “
173 3035 228 3103 illi,
253 3034 331 3091 velut
351 3032 462 3090 somnio
485 3032 604 3105 laetiore,
628 3030 713 3106 quim
734 3031 810 3107 quod
831 3041 943 3088 mentes
957 3049 1056 3089 eorum
1070 3050 1118 3091 oa·

107 3116 160 3160 ³⁵“
168 3132 240 3189 pere
263 3111 395 3189 possent,
407 3107 604 3186 ¹nequidquam
628 3110 830 3168 eluderentur:
852 3120 881 3167 et
894 3119 1023 3168 nostrum
1037 3129 1119 3169 exer·

140 3196 159 3224 “
172 3193 265 3250 eitum
278 3193 390 3263 eadem,
404 3210 468 3266 quae
490 3187 669 3266 impedierat,
691 3189 805 3247 fortuna
823 3189 993 3264 expediret3
1014 3208 1118 3248 vanarn

140 3271 320 3330 “victoriam
341 3271 440 3327 vanior
454 3269 563 3326 irritam
577 3269 686 3326 faceret
699 3286 773 3343 pax:
795 3268 910 3342 sponsio
924 3267 1119 3345 interponere·

140 3353 230 3419 “urr,
251 3368 315 3424 que
336 3348 495 3415 nemiuem,
519 3358 622 3422 praeter
646 3365 822 3422 sponsorem,
844 3347 993 3422 obligaret.
1034 3345 1117 3408 Quid

28 3487 33 3501 ,
139 3432 161 3461 “
172 3428 254 3485 enim
278 3427 437 3493 vobiscum,
459 3425 559 3482 Patres
582 3425 749 3501 conscripti,
771 3425 840 3500 quid
854 3443 921 3482 oum
939 3424 1045 3501 populo
1058 3425 1119 3482 Ro·

25 3507 26 3514 ’
105 3511 259 3564 ⁴⁰“n1ano
285 3515 382 3562 ectum
409 3505 475 3561 estl
495 3504 559 3578 quis
582 3523 632 3561 vos
655 3504 934 3580 appellare‘potestl
965 3503 1029 3577 quis
1049 3520 1080 3558 se
1101 3519 1120 3559 a

140 3587 256 3644 “vobis
279 3584 377 3656 dicere
399 3582 575 3659 d'eoeptuml
606 3583 714 3640 hostisl
736 3602 782 3652 an⁸
798 3581 893 3640 oivisi
935 3579 1021 3636 Hosti
1044 3578 1117 3636 nihil

141 3673 163 3704 “
174 3662 385 3742 spopondistis:
407 3662 500 3720 oivem
514 3657 661 3719 neminem
672 3661 813 3737 spondere
826 3678 878 3736 pro
891 3656 972 3714 vobis
982 3657 1117 3731 jussistis.

141 3737 255 3804 “Nihil
267 3763 336 3822 ergo
350 3741 429 3802 vobis
440 3760 496 3801 neo
509 3733 661 3801 nobiseum
672 3751 725 3809 est,
735 3739 838 3816 quibus
851 3735 924 3794 nihil
938 3735 1118 3808 mandistis3
