2556 4314
463 355 569 406 LIBER
584 356 616 404 V.
632 369 696 411 cn.
719 371 800 406 xxxv.
993 371 998 380 ·
1063 355 1122 416 117

147 499 194 558 vid
219 496 309 574 (quod
333 497 451 573 quidem
474 499 628 557 continens
649 499 788 559 memoria
812 498 858 567 sit,
872 498 928 556 nisi
942 499 977 556 de
992 499 1120 560 Hercule

147 577 252 635 fabulis
280 579 400 635 credere
426 577 512 658 ¹libet)
540 587 709 654 superatas
738 577 784 634 Ibi
811 596 899 652 quurn
925 577 1002 636 velut
1027 589 1121 654 septos

147 658 291 715 montium
305 656 426 714 altitudo
449 667 563 714 teneret
576 656 684 728 Gallos,
699 654 1041 732 circumspectarentque,
1053 657 1122 732 qud·

146 753 216 792 nam
230 755 281 811 per
299 736 402 811 juncta
415 736 489 793 coelo
507 736 578 812 juga
598 736 638 792 in‘
650 735 738 791 alium
757 735 855 796 orbem
869 745 1009 800 terrarum
1022 733 1124 792 transi·

122 825 224 882 arent,
239 815 339 890 religio
360 815 446 871 etiam
467 815 570 886 tenuit,
592 811 670 888 qudd
695 814 812 871 allatum
836 824 889 882 est,
909 815 1035 872 advenas
1048 831 1124 887 quae-

147 903 246 951 rentes
274 913 374 969 agrum
399 894 435 950 ab
460 893 578 968 Salyum
602 903 689 968 gente
714 893 883 968 oppugnari.
925 891 1125 952 Massilienses

147 982 231 1028 erant
245 973 284 1039 hi,
300 973 420 1028 navibus
443 991 460 1028 a
481 971 606 1029 Phooaes
619 971 748 1046 profecti.
790 970 825 1027 Id
839 971 916 1050 Galli
930 971 1051 1030 fortunae
1064 984 1125 1028 sure
1170 966 1175 975 ’

147 1068 233 1107 omen
257 1051 320 1117 rati,
346 1051 490 1126 adjuvere,
519 1061 560 1122 ut,
585 1068 671 1125 quern
695 1049 819 1125 primum
843 1051 873 1107 in
895 1060 1000 1107 terram
1015 1049 1125 1128 egressi

148 1139 368 1203 occupaverant,
384 1129 480 1186 locum
504 1129 671 1204 patentibus
695 1128 775 1185 silvis
797 1129 1021 1190 communirent.
1062 1128 1122 1203 Ipsi

114 1221 138 1260 10
149 1226 198 1282 per
212 1206 358 1282 Taurinos
382 1208 526 1282 saltusque
547 1207 640 1265 invios
655 1206 745 1282 Alpes
759 1207 1019 1266 transcenderunt:
1041 1207 1124 1264 fusis·

149 1305 204 1360 que
218 1287 280 1343 acie
293 1286 403 1344 Tuscis
427 1287 504 1343 haud
528 1285 628 1362 procul
643 1287 751 1344 Ticino
765 1287 894 1354 flumine,
908 1306 1007 1361 quum,
1021 1287 1123 1360 inquo
1200 1331 1205 1341 ,

149 1366 351 1438 consederant,
375 1385 476 1441 agrum
498 1365 666 1423 Insubrium
686 1366 822 1440 appellari
844 1368 1001 1442 audissent,
1017 1384 1123 1441 cogno-
1161 1403 1166 1428 .
1188 1392 1192 1413 ι

118 1505 120 1507 .
150 1443 227 1502 mine
259 1444 432 1501 Insubribus
462 1463 536 1520 pago
562 1445 741 1514 AEduorum3
773 1445 823 1518 ibi,
848 1464 933 1502 omen
965 1454 1120 1520 sequentes

149 1522 217 1596 loci,
232 1521 390 1582 condidere
404 1523 525 1582 urbem:
547 1523 747 1582 Mediolanum
761 1523 949 1600 appellarunt.
973 1541 978 1544 ·

113 1695 136 1735 15
191 1681 323 1739 XXXV.
358 1683 427 1739 Alia
457 1683 579 1740 subinde
604 1701 706 1739 manus
730 1681 974 1749 Cenomanorum,
1002 1681 1125 1740 Elitovio

141 1760 236 1830 duce,
251 1761 372 1833 vestigia
385 1762 512 1834 priorum
526 1771 636 1833 secuta,
650 1761 752 1818 eodem
766 1755 850 1834 saltu,
872 1761 984 1818 favente
998 1759 1126 1817 Bellove-

149 1857 191 1904 so,
207 1856 296 1912 quum
321 1836 547 1894 transcendisset
571 1839 671 1913 Alpes,
685 1837 736 1894 ubi
757 1857 837 1894 nunc
851 1839 949 1900 Brixia
962 1859 997 1896 ac
1010 1839 1126 1896 Verona

148 1915 235 1973 urbes
249 1926 316 1972 sunt
332 1914 424 1992 (locos
445 1917 564 1972 tenuere
585 1916 697 1994 Libui),
713 1916 875 1974 considunt.
917 1918 985 1974 Post
998 1920 1051 1973 hos
1065 1916 1127 1976 Sal·

147 1994 229 2062 luvii,
244 2014 331 2070 prope
345 1993 491 2070 antiquam
505 2004 623 2072 gentem
637 1995 738 2052 Laevos
752 1996 884 2072 Ligures,
896 1996 1056 2054 incolentes
1070 1996 1125 2053 cir·
1206 2015 1208 2018 ·

112 2088 186 2132 acca
210 2073 351 2130 Ticinum
382 2093 506 2132 amnem.
558 2074 669 2132 Penino
690 2075 795 2132 deinde
829 2075 895 2132 Boii
921 2075 1125 2151 Lingonesque

149 2153 331 2229 transgressi,
346 2173 433 2228 quum
442 2155 502 2230 jam
515 2154 590 2214 inter
604 2154 718 2212 Padurn
731 2165 816 2230 atque
831 2154 921 2231 Alpes
934 2154 1032 2212 omnia
1046 2165 1125 2212 tene-

148 2243 257 2305 rentur,
270 2233 349 2289 Pado
363 2233 471 2290 ratibus
485 2234 614 2311 traject0,
629 2253 688 2291 non
710 2234 849 2291 Etruscos
862 2232 956 2302 modo,
971 2234 1022 2290 sed
1036 2233 1124 2290 etiam

147 2311 282 2384 Umbros,
308 2331 376 2389 agro
400 2313 511 2388 pellunt
524 2326 538 2370 :'
552 2314 628 2370 intra
648 2313 839 2388 Apenninum
853 2323 949 2370 tamen
964 2331 1026 2370 sese
1041 2322 1124 2375 tenu-

149 2392 207 2448 ere.
260 2391 340 2449 Tum
364 2393 505 2465 Senones,
527 2392 719 2450 recentissimi
744 2394 929 2460 advenarum,
954 2393 990 2448 ab
1017 2391 1124 2450 Utente

113 2483 140 2523 25
149 2469 268 2528 flumine
283 2490 372 2545 usque
398 2473 434 2528 ad
449 2472 542 2530 AEsim
560 2471 633 2528 fines
646 2471 782 2529 habuere.
825 2471 912 2528 Hanc
925 2480 1042 2546 gentem
1056 2469 1125 2527 Clu·

148 2549 234 2617 sium,
249 2550 433 2624 Romamque
449 2550 527 2622 inde,
542 2550 655 2606 venisse
672 2549 833 2624 comperio:
855 2549 884 2606 id
898 2568 1000 2625 parurn
1014 2557 1126 2604 certum

149 2637 202 2701 est,
217 2630 355 2700 solamne,
371 2648 408 2686 an
423 2629 460 2685 ab
473 2628 608 2686 omnibus
626 2627 839 2703 Cisalpinorum
853 2628 1001 2684 Gallorum
1015 2625 1127 2701 populis

149 2707 286 2783 adjutam.
329 2708 453 2776 Clusini,
469 2727 543 2764 novo
556 2707 632 2764 bello
646 2706 783 2776 exterriti,
798 2725 886 2781 quum
901 2705 1126 2779 multitudinem,

148 2805 238 2860 quum
252 2787 357 2844 formas
372 2787 522 2845 hominum
536 2786 695 2844 invisitatas
710 2796 872 2854 cernerent,
887 2796 916 2843 et
929 2803 1022 2862 genus
1036 2803 1126 2843 armo·

113 2877 230 2936 mrum,
253 2867 450 2941 audirentque,
476 2885 552 2942 saepe
576 2866 612 2922 ab
635 2865 680 2939 iis,
694 2865 737 2924 cis
757 2865 869 2923 Padurn
884 2865 1023 2940 ultraque,
1037 2863 1126 2941 legio-

147 2964 203 3002 nes
217 2945 406 3002 Etruscorum
420 2945 507 3018 fusas,
518 2963 690 3020 quamquam
703 2945 841 3003 adversus
849 2945 999 3002 Romanos
1013 2944 1124 3004 nullum

76 3045 80 3054 ·
147 3023 193 3082 eis
212 3023 260 3098 jus
284 3020 428 3080 societatis
450 3024 619 3081 amicitiaeve
641 3034 712 3098 erat,
726 3024 781 3080 nisi
806 3023 883 3100 qudd
905 3024 1044 3101 Vejentes
1057 3043 1124 3082 con·

147 3101 326 3178 sanguineos
350 3103 485 3161 adversus
504 3104 641 3180 populum
654 3103 822 3160 Romanum
843 3123 902 3161 non
916 3103 1123 3178 defendissent,

147 3181 260 3258 legatos
280 3182 416 3250 Romam,
431 3183 480 3258 qui
504 3182 646 3242 auxilium
670 3183 706 3238 ab
730 3193 833 3240 senatu
855 3193 996 3258 peterent,
1010 3184 1122 3241 misere.

112 3259 195 3318 ³5De
210 3261 318 3320 auxilio
331 3262 405 3320 nihil
427 3263 627 3337 impetratum:
648 3261 736 3337 legati
750 3272 817 3334 tres,
833 3261 874 3320 M.
889 3262 973 3320 Fabii
988 3262 1124 3321 Ambusti

147 3339 210 3408 filii,
226 3341 315 3414 missi,
337 3341 386 3420 qui
410 3341 525 3397 senatus
545 3340 699 3416 populique
723 3339 851 3398 Romani
875 3342 991 3400 nomine
1006 3351 1125 3419 agerent

147 3437 218 3476 cunr
228 3419 330 3491 Gallis,
351 3438 399 3491 ne,
414 3438 432 3475 a
451 3419 555 3493 quibus
578 3419 687 3476 nullam
709 3419 843 3495 injuriam
867 3421 1057 3497 accepissent,
1082 3438 1125 3476 so-

146 3497 211 3556 cios
225 3497 323 3572 populi
346 3497 475 3555 Romani
499 3508 583 3572 atque
605 3498 713 3556 amicos
733 3511 941 3577 oppugnarent.
982 3495 1126 3556 Romanis

146 3595 200 3634 eos
225 3574 300 3632 bello
313 3594 445 3650 quoque,
468 3575 559 3635 sires
582 3588 676 3654 cogat,
698 3580 821 3637 tuendos
844 3599 927 3636 esse:
948 3578 999 3633 sed
1022 3573 1125 3632 melius

11 3699 15 3706 .
110 3654 256 3722 revisum,
272 3654 381 3712 bellum
395 3655 490 3732 ipsum
505 3657 638 3728 amoveri,
660 3657 684 3714 si
708 3668 821 3733 posset;
843 3667 873 3714 et
893 3653 1001 3731 Gallos,
1022 3666 1125 3710 novam

146 3743 277 3814 gentem,
291 3753 366 3814 pace
379 3734 475 3814 potitis
489 3736 636 3816 cognosci,
648 3735 735 3815 quam
750 3736 845 3795 armis.
