2520 4310
132 303 189 366 188
530 299 601 350 mn
618 297 704 351 mvn

130 451 149 480 ‘⁸
162 445 340 524 ‘Hispanias
354 447 367 502 l
403 455 433 504 et
456 443 524 502 inde
538 463 673 516 cessero;
702 443 752 504 iu
747 442 882 502 Africam
907 448 1108 510 transcendes.

129 530 149 559 “
161 525 405 585 ‘Transcendes’
435 536 532 583 autem
552 525 642 582 dicul
664 489 737 583 duos
758 525 894 582 consules
919 527 1004 602 hujus
1025 529 1107 605 anni,

127 607 148 640 “
159 624 251 663 unum
261 606 289 662 in
302 602 443 678 Africam,
452 605 589 663 alterum
583 623 612 661 ιιι
625 602 795 694 Hispaniam
805 604 964 662 miserunt.
979 607 1050 665 nihil
1061 628 1109 666 us·

128 692 148 722 ⁸⁸
160 703 245 760 quam
258 685 340 742 nobis
353 685 486 742 relictum
498 695 550 752 est,
561 685 615 741 nisi
609 683 702 777 'quod
712 684 798 742 armis
807 683 1024 745 vindicarimus.
1046 687 1108 746 Illis

127 771 147 802 ‘⁸
159 764 267 822 timidis
275 776 304 822 ct
315 765 427 840 ignavis
435 764 503 822 licet
511 783 585 832 esse,
597 768 645 838 qui
654 759 818 839 respectum
827 764 936 821 habent
939 785 1028 840 ,quos
1039 786 1107 825 suus
1128 787 1143 828 s

127 845 147 876 ‘⁸
158 861 237 920 ager,
252 862 304 901 sua
314 854 400 914 terra,
414 863 465 920 per
475 855 537 902 tuta
551 863 586 901 ac
597 854 700 918 pacata
713 842 818 900 itinera
828 843 974 918 fugientes
976 846 1107 922 ‚accipi-

118 925 146 974 ,⁸⁸
157 934 227 980 ent·
249 924 328 981 vobis
339 943 460 980 necesse
473 934 518 981 est
531 923 726 982 fortibusviris
739 941 813 994 esse,
827 933 867 995 et,
881 924 1039 982 omnibus
1031 936 1106 984 mter

127 1002 308 1060 “victoriam
327 1015 482 1060 mortemve
497 1006 575 1060 certa
594 1001 794 1093 desperatione
816 1001 887 1058 abru
908 1003 954 1070 tis,
975 1013 1025 1061 aut
1046 1004 1106 1062 vin·

127 1089 234 1154 “cere,
249 1093 307 1154 aut,
322 1101 346 1139 sa
339 1082 475 1140 fortuna
496 1082 681 1156 dubitabit,
673 1102 704 1139 ιιι
718 1080 819 1156 proelio
842 1092 942 1156 potrus,
964 1084 1049 1156 quam
1071 1083 1104 1141 in

126 1166 146 1198 ⁸⁶
157 1160 224 1236 suga
234 1171 354 1219 mortem
365 1159 511 1252 oppetere.
554 1161 585 1218 Si
608 1163 664 1220 hoc
689 1162 764 1219 bene
786 1159 874 1218 lixum
898 1162 1030 1218 omnibus
1052 1163 1104 1220 de·
1092 1183 1141 1224 -ιο

125 1241 144 1270 “
156 1239 349 1315 stinctumque
364 1241 394 1298 in
415 1241 511 1298 animo
524 1247 577 1313 est,
592 1239 700 1298 iterum'
719 1241 827 1312 dicam,
842 1239 965 1298 vicistis:
987 1241 1104 1300 nullum

125 1326 334 1377 “momentum
356 1321 392 1378 ad
415 1321 592 1380 vincendum
614 1320 726 1385 bomini
750 1319 787 1377 ab
808 1319 874 1378 Diis
893 1317 1104 1386 immortalibus

124 1400 144 1429 ‘⁸
156 1397 251 1456 acrius
264 1400 364 1457 datum
378 1401 449 1458 est.''

70 1605 76 1612 .
162 1555 257 1615 XLV.
279 1556 336 1614 His
357 1553 603 1614 adhortationibus
626 1575 716 1632 quum
739 1555 885 1632 utrimque
904 1556 940 1613 ad
955 1568 1107 1620 certamen·

123 1636 241 1694 accensi
265 1636 388 1693 militum
410 1636 500 1696 animi
513 1643 619 1710 essent,
640 1637 767 1694 Romani
782 1647 870 1726 pqnte
885 1636 1047 1694 Ticinum
1037 1655 1139 1716 jun-15

123 1726 205 1792 gunt,
220 1716 390 1806 tutandique
413 1715 508 1792 pontis
529 1685 619 1773 causd
641 1716 814 1774 castellum
808 1735 926 1793 iusuper
940 1717 1101 1794 imponunt.

122 1793 231 1852 Poeuus
233 1815 341 1872 ‚opere
355 1795 504 1874 occupatis
516 1795 656 1864 hostibus,
679 1795 880 1853 Maharbalem
895 1815 961 1868 cum
976 1795 1022 1852 alai
1035 1795 1103 1852 N
1069 1816 1103 1854 u

122 1873 275 1942 midarum,
291 1875 434 1950 equitibus
457 1875 634 1965 quingentis,
657 1876 693 1932 ad
716 1874 931 1968 depopulaudps
955 1875 1121 1933 sociorum
1177 1892 1179 1898 ’

121 1954 219 2032 populi
243 1954 372 2012 Romani
395 1973 479 2040 agros
501 1955 596 2012 mittit.
638 1954 729 2010 Gallis
753 1954 833 2028 parci
859 1953 944 2028 quim
971 1951 1101 2012 maxime

118 2027 211 2108 jubet,
226 2033 447 2110 principumque
461 2034 573 2090 animos
587 2033 733 2092 sollicitari
749 2034 785 2091 ad
799 2033 1003 2090 desectionem.
1025 2033 1101 2092 Pon·
1110 2049 1137 2092 eo

121 2120 149 2168 te
160 2111 301 2200 perfecto,
314 2113 462 2168 traductus
477 2111 644 2170 Romanus
651 2112 796 2170 exercitus
810 2111 840 2168 in
856 2131 957 2188 agrum
972 2113 1101 2172 Insubri-

120 2207 181 2262 unr,
208 2189 334 2263 quinque
359 2189 448 2246 millia
469 2209 606 2264 passuum
629 2210 646 2247 a
670 2191 843 2248 Victumviis
867 2193 1009 2250 consedit.
1052 2191 1102 2252 Ibi

121 2267 269 2325 Hannibal
294 2264 389 2324 cast'ra
410 2268 554 2325 habebat:
586 2280 776 2345 revocatoque
795 2267 912 2344 propere
928 2269 1102 2330 Maharbale

120 2356 205 2422 atque
219 2346 373 2420 equitibus,
387 2353 482 2420 quum
501 2346 608 2404 instare
632 2360 781 2407 certarnen
802 2358 944 2415 cerneret,
959 2347 1031 2406 nihil
1048 2368 1102 2430 un-

119 2443 207 2501 quam
220 2426 288 2484 satis
312 2427 422 2483 dictum
446 2427 719 2502 premonitumque
731 2428 767 2484 ad
789 2427 981 2486 cohortandos
994 2428 1135 2488 militesas

119 2514 207 2580 ratus,
231 2505 340 2564 vocatis
361 2506 398 2562 ad
422 2505 595 2564 concionem
608 2517 699 2643 perta
722 2507 852 2643 praemiad
866 2505 1046 2582 pronuntiat,
1067 2508 1100 2568 in

119 2604 241 2661 quorum
256 2605 336 2661 spem
360 2596 532 2661 pugnarent.
576 2595 595 2622 “
637 2605 722 2676 grum
747 2603 811 2649 sese
855 2597 970 2644 aturum
992 2606 1054 2644 esse
1068 2587 1100 2645 in

119 2667 138 2698 “
150 2665 245 2740 Italis,
260 2665 362 2723 Africis
365 2665 574 2741 ,Hispaniin
556 2665 606 2722 ubi
630 2666 751 2756 quisque
777 2665 878 2734 velit,
871 2685 1030 2723 immunem
1044 2666 1099 2742 ipsi

120 2746 198 2820 “qui
224 2713 393 2820 accepisset,
416 2744 591 2820 liberisque3
612 2745 662 2818 qui
686 2744 853 2820 pecuniam,
879 2765 965 2820 quam
986 2764 1107 2830 agrum,

119 2827 139 2857 “
149 2824 307 2890 maluisset,
322 2824 350 2880 ei
364 2843 395 2880 se
410 2839 529 2900 argento
543 2824 776 2882 satisfacturum:
798 2824 848 2899 qui
863 2825 1005 2882 sociorum
1019 2825 1098 2883 cives
1108 2840 1135 2883 st

77 2952 79 2961 ,
119 2901 407 2977 “Carthaginienses
430 2903 492 2960 fieri
516 2901 631 2976 vellent,
657 2912 828 2980 potestatem
854 2904 1015 2961 facturum.
1047 2903 1098 2979 qui

119 2984 138 3014 “
149 2979 249 3038 domos
262 2981 356 3037 redire
379 2982 507 3056 mallent,
533 2985 667 3040 daturum
691 3003 722 3040 se
736 3002 864 3059 operam,
885 3003 922 3040 ne
937 2985 1020 3060 cujus
1034 3001 1098 3042 suo-

118 3063 212 3116 “rum
236 3057 415 3135 popularium
437 3072 584 3119 mutatam
602 3082 702 3120 secum
725 3062 868 3120 fortunam
883 3083 946 3120 esse
961 3063 1075 3121 vellent.
1078 3061 1097 3090 ’¹

118 3137 215 3198 Servis
228 3157 341 3228 quoque
355 3139 487 3198 dominos
501 3131 660 3216 prosecutis
680 3143 844 3200 libertatem
858 3142 999 3217 proponit,
1016 3141 1097 3199 bina-

115 3236 171 3294 que
195 3213 246 3294 prb
270 3219 315 3276 his
336 3219 483 3298 mancipia
498 3221 630 3280 dominis
656 3241 687 3279 se
711 3223 897 3280 redditurum.
939 3221 1041 3294 anue
1065 3230 1132 3282 uteo

115 3307 177 3358 rata
190 3297 298 3356 scirent
322 3291 398 3367 sore,
417 3318 525 3375 agnum
546 3301 619 3358 laevia
642 3321 740 3375 manu,
755 3301 875 3360 dextera
897 3299 1010 3358 silicem
1031 3300 1098 3359 reti·

115 3396 199 3446 nens,
221 3377 246 3436 si
271 3377 391 3446 falleret,
417 3378 519 3437 Jovem
543 3391 719 3456 ceterosque
744 3392 879 3458 precatus
900 3380 990 3452 Deos,
1004 3379 1045 3436 ita
1065 3397 1097 3438 se

114 3467 284 3527 mactarent,
299 3459 563 3533 quemadmodum
556 3479 665 3537 ipse
631 3479 739 3518 acutam
753 3462 917 3528 mactasset,
933 3427 1096 3517 sec’undum

95 3538 310 3617 ‘precationem
335 3549 423 3613 caput
445 3539 566 3614 pecudis
590 3559 658 3598 saxo
672 3540 757 3598 elisit
799 3541 880 3599 Tum
902 3538 969 3596 verti
983 3557 1095 3611 omnes,

114 3620 192 3678 velut
205 3617 270 3678 Diis
284 3618 493 3679 auctoribusin
507 3638 612 3696 spem
602 3639 683 3677 suam
695 3610 824 3696 quisque
839 3619 977 3695 acceptis,
993 3618 1023 3675 id
1037 3636 1130 3677 meuc

115 3715 164 3770 rae,
177 3698 254 3774 quod
269 3699 399 3756 nondum
421 3709 593 3774 pugnarent,
609 3700 644 3756 ad
660 3701 800 3774 potiunda
813 3710 928 3780 sperata
940 3698 1004 3767 rati,
1019 3713 1094 3774 prce·

115 3775 187 3834 lium
201 3793 260 3836 uno
273 3777 371 3838 auimo
383 3786 414 3836 et
427 3795 498 3838 voce
512 3778 571 3838 uni
583 3786 717 3856 poscunt.
