2556 4314
163 357 202 417 34
250 327 254 348 ²
564 356 635 406 τιτι
651 333 766 404 urvu'

10 479 11 488 ἶ
87 537 89 542 s
106 540 111 547 .
163 498 243 567 inde,
257 487 479 576 ingentlpraedl
492 499 610 574 potitus,
624 497 750 556 Romam
764 497 849 571 redit,
863 508 924 554 tum
938 517 1050 573 quoque
1065 501 1139 558 mul-

83 573 94 592 ⁰
163 577 201 634 tis
219 579 345 636 millibus
366 578 536 636 Latinorum
561 579 592 635 in
616 577 936 660 civitatemUaeceptis3
966 577 1080 652 quibus,
1106 589 1139 635 ut

160 657 330 733 jungeretur
341 654 452 715 Palatio
466 657 657 729 Aventinum,
672 657 708 713 ad
722 655 845 713 Murciae
859 657 933 712 datae
945 658 1048 734 sedes.
1090 657 1108 713 J
1111 675 1139 713 a·

163 736 293 794 niculum
307 755 419 811 quoque
444 736 609 812 adjectum3
631 753 689 792 non
704 735 800 810 inopia
823 733 890 816 loqi,
906 735 957 791 sed
971 753 1008 791 ne
1022 735 1139 809 quando

160 833 198 871 ea
212 835 261 872 arx
275 816 401 893 hostium
422 825 506 872 esset.
522 813 584 890 ,Id
607 827 666 870 non
689 817 772 871 inuro
795 813 897 882 solum,
923 813 1085 882 sedetiam,
1100 815 1138 871 ob
1158 830 1173 868 5

164 896 398 952 commoditatem
421 893 542 960 itineris,
565 903 652 968 ponte
667 891 799 959 sublicio,
819 903 880 950 tum
893 891 1018 968 primum
1040 893 1070 949 in
1084 893 1138 950 Ti-

163 972 225 1030 beri
240 974 325 1045 sacto,
340 973 478 1051 conjungi
492 971 557 1050 urbi
569 971 687 1046 placuit.
733 971 896 1038 Quiritium
909 973 1030 1046 quoque
1037 969 1135 1048 fossa,
1158 989 1162 996 ·

163 1051 241 1108 haud
254 1071 372 1127 parvum
386 1052 598 1126 munimentum
622 1069 640 1106 a
662 1049 840 1124 planioribus
864 1051 943 1107 aditu
961 1050 1042 1124 lociS,
1057 1051 1137 1108 Anci

163 1131 240 1206 regis
252 1150 324 1205 opus
338 1141 390 1186 est.
431 1128 549 1205 Ingenti
573 1129 752 1186 incremento
776 1129 863 1185 rebus
877 1130 979 1197 auctis,
994 1149 1082 1204 quum
1107 1131 1137 1187 in

162 1210 243 1266 tanta
256 1202 440 1266 multitudine
462 1209 622 1273 hominum,
643 1207 813 1286 discrimine
835 1209 915 1266 recte
935 1228 972 1264 an
986 1223 1172 1284 perperam·1o

163 1285 233 1344 sacti
257 1289 387 1355 confuso,
413 1287 541 1344 facinora
564 1286 748 1343 clandestina
767 1286 880 1360 fierent,
902 1299 1002 1345 carcer
1027 1288 1063 1344 ad
1084 1298 1139 1347 ter·
1185 1359 1186 1362 Ἴ

63 1415 66 1422 «
142 1385 256 1424 rorem
281 1367 472 1424 increscentis
497 1365 625 1422 audaciae
650 1366 746 1424 media
773 1366 856 1440 urbe,
883 1367 1038 1424 imminens
1066 1368 1137 1436 loro,

164 1445 332 1503 aedificatur.
374 1445 440 1502 Neo
461 1445 530 1502 urbs
553 1443 663 1500 tantdm
688 1445 743 1502 hoc
765 1464 834 1521 rege
856 1446 954 1518 crevit,
980 1447 1138 1503 sedetiam

164 1542 233 1598 ager
246 1525 384 1599 finesque.
427 1523 622 1581 SilvaMaesia
635 1523 807 1600 Vejentibus
822 1525 975 1599 adempta3
997 1544 1086 1599 usque
1101 1526 1138 1582 ad

143 1622 147 1629 ¹
164 1621 243 1660 mare
258 1604 410 1679 imperium
424 1604 565 1678 prolatum
578 1622 584 1672 ;
606 1611 635 1658 et
649 1602 679 1659 in
693 1609 742 1660 ore
755 1599 875 1660 Tiberis
889 1604 974 1661 Ostia
987 1605 1055 1661 urbs
1069 1623 1174 1666 con-1⁵

165 1681 243 1738 dita:
279 1682 377 1739 salinae
402 1681 482 1739 cirola
498 1682 602 1753 factae,
629 1682 803 1758 egregieque
830 1684 917 1740 rebus
944 1683 1019 1741 bello
1040 1683 1139 1759 gestis,
1252 1689 1254 1694 '

98 1791 101 1797 ·
165 1761 236 1820 aedis
249 1761 329 1820 Jovis
343 1761 465 1825 Feretrii
479 1760 661 1841 amplificata.
962 1777 970 1786 ·

133 1915 137 1922 “
204 1922 358 1982 XXXIV:
374 1925 462 1989 Anco
473 1935 623 2000 regnante,
639 1921 781 1992 Lucumo,
794 1925 835 1981 vir
848 1924 969 1999 impiger
984 1941 1018 1980 ao
1032 1923 1175 1997 divitiis?

164 2010 277 2075 potens,
291 2004 417 2061 Romam
431 2004 640 2079 commigravit,
655 2004 792 2080 cupidine
806 2003 932 2080 maxime
948 2021 982 2060 ac
996 2020 1046 2077 spe
1061 2021 1140 2076 mag·
1155 2015 1170 2059 9
1223 2066 1225 2069 ,

165 2079 196 2150 ni
218 2081 343 2148 honoris,
364 2083 447 2158 o'ujus
468 2083 647 2158 adipiscendi
668 2079 836 2158 Tarquiniis
860 2081 942 2157 (nam
964 2082 1004 2138 ibi
1027 2072 1176 2158 quoque&

163 2156 316 2235 peregrinat
331 2161 417 2236 stirpe
431 2161 571 2218 oriundus
585 2163 659 2240 erat)
682 2161 803 2218 facultas
810 2181 875 2219 -non
890 2161 990 2218 fuerat
1032 2159 1139 2234 Dama·
1156 2211 1170 2237 >

164 2237 219 2293 rati
234 2238 377 2296 Corinthii
391 2237 467 2296 filius
480 2250 559 2310 erat;
581 2241 640 2314 qui,
655 2241 692 2297 ob
715 2240 872 2297 seditiones
892 2241 978 2296 domo
991 2237 1138 2313 profugus,
1156 2241 1170 2306 {a

165 2334 254 2388 quum
276 2316 444 2390 Tarquiniis
468 2318 540 2376 forte
562 2319 750 2386 consedisset,
776 2338 864 2376 uxore
888 2319 929 2376 ibi
953 2317 1051 2388 ducta,
1064 2316 1138 2371 duos
1156 2314 1176 2386 ἓ

165 2393 239 2451 lilios
260 2396 369 2470 genuit.
411 2389 540 2464 Nomina
561 2396 606 2471 his
629 2397 762 2454 Lucumo
784 2409 868 2472 atque
892 2392 992 2453 Arun's
1014 2391 1176 2452 fuerunt*

164 2471 298 2531 Lucumo
321 2475 461 2550 superfuit
475 2477 565 2551 patri,
591 2477 731 2534 bonorum
752 2477 881 2533 omniurn
906 2476 1017 2531 haeres:
1040 2475 1175 2529 Arunsas

114 2588 123 2593 —
164 2552 251 2627 prior,
266 2552 351 2628 quam
365 2555 456 2629 pater,
471 2555 600 2629 moritur,
615 2575 705 2612 uxore
727 2556 844 2630 gravida
857 2552 966 2611 relicte.
1007 2551 1075 2619 Nec
1088 2551 1139 2606 diu

165 2643 264 2689 manet
278 2643 420 2708 superstes
429 2633 493 2707 ¹filio
506 2645 606 2709 pater:
627 2635 676 2709 qui
689 2653 788 2709 quum,
804 2634 940 2710 ignorans
954 2645 1058 2689 nurum
1072 2646 1145 2685 ven-·

164 2720 238 2768 trem
252 2712 336 2780 ferre,
351 2713 501 2771 immemor
523 2715 553 2771 in
567 2714 699 2770 testando
717 2713 831 2788 nepotis
844 2712 1025 2781 decessisset,
1040 2727 1139 2784 puero,

164 2801 229 2864 post
243 2791 287 2846 avi
301 2803 422 2849 mortem
436 2793 466 2849 in
481 2792 590 2849 nullam
614 2802 729 2848 sortem¹
744 2793 885 2846 bonorum
899 2799 978 2852 nato,
993 2789 1029 2842 ab
1044 2786 1142 2861 inopia

164 2867 273 2944 Egerio
285 2870 408 2928 inditum
423 2889 538 2927 nomen.
554 2911 560 2922 .
579 2868 742 2925 Lucumoni
763 2866 874 2936 contra,
887 2865 1017 2921 omnium
1031 2865 1141 2928 haeredi
1152 2883 1179 2922 ao
1267 2945 1268 2952 ἵ

165 2947 416 3024 bonorum‚quum
430 2948 536 3012 divitiae
554 2948 614 3022 jam
636 2945 746 3002 animos
761 2944 899 3009 lacerent,
914 2941 993 2999 aurit
1006 2939 1095 2998 ducta
1109 2941 1141 3000 in

165 3028 380 3088 matrimonium
405 3026 560 3100 Tanaquil,
584 3043 700 3100 summo
722 3023 787 3079 loco
813 3031 890 3094 nata,
917 3033 947 3078 et
967 3040 1036 3096 ‚quae
1061 3022 1141 3078 haud

165 3105 250 3164 facite
271 3107 317 3180 iis,
331 3108 362 3164 in
374 3106 479 3180 quibus
493 3114 561 3160 nata
579 3112 649 3174 erat,
664 3100 817 3158 humiliora
838 3100 946 3158 sineret
959 3120 1004 3171 ea,
1019 3119 1082 3175 quae
1097 3101 1141 3157 in-

164 3186 317 3262 nupsisset.
361 3182 570 3259 Spernentibus
591 3180 722 3237 Etruscis
746 3179 957 3251 Lucumonem,
972 3170 1071 3234 exsule
1092 3180 1142 3236 ad-

165 3266 239 3322 vena
252 3275 356 3330 ortum,
380 3262 453 3319 ferre
477 3259 679 3335 indignitatem
704 3277 763 3315 non
785 3257 895 3333 potuit3
926 3257 1072 3332 oblitaque
1097 3257 1177 3320 in·35

165 3344 271 3417 genitae
295 3360 365 3416 erga
388 3339 510 3414 patriam
533 3338 670 3405 caritatis,
691 3337 847 3395 dummodo
861 3336 953 3393 virum
968 3337 1142 3394 honoratum

165 3420 285 3492 videret,
300 3418 452 3478 consilium
467 3418 610 3495 migrandi
625 3418 661 3476 ab
675 3416 844 3492 Tarquiniis
858 3416 943 3492 oepit.
986 3416 1143 3472 Romaest

165 3497 202 3554 ad
217 3499 246 3555 id
261 3499 438 3574 potissimdm
453 3498 530 3555 visa:
552 3498 582 3554 in
597 3516 670 3560 novo
684 3497 797 3572 populo,
812 3495 869 3556 ubi.
883 3495 982 3554 omnis
991 3495 1143 3571 repentina
1215 3531 1216 3534 =

165 3571 251 3652 atque
265 3597 301 3634 ex
316 3578 420 3634 virtute
435 3577 568 3634 nobilitas
582 3577 629 3644 sit,
645 3577 771 3634 futurum
785 3577 883 3633 locum
897 3574 962 3633 forti
977 3595 1012 3632 ao
1026 3585 1144 3632 strenuo
1218 3587 1220 3592 ·

165 3657 247 3714 viro:
277 3658 414 3732 regnasse
436 3656 557 3714 Tatium
582 3656 743 3714 Sabinum:
775 3655 945 3712 arcessitum
966 3654 997 3709 in
1020 3663 1190 3726 regnumro

166 3735 327 3793 Numama
348 3735 495 3794 Curibus:
516 3746 546 3794 et
560 3735 680 3793 Ancum
703 3735 811 3793 Sabina
829 3743 920 3790 matre
944 3739 1047 3794 ortum,
1062 3729 1143 3785 nobi-

166 3812 279 3896 lemque
304 3816 363 3875 uut
386 3815 514 3899 imagine
538 3814 645 3880 Numa
672 3833 745 3876 esse.
800 3812 901 3875 Facile
925 3807 1087 3892 persuadet,
1112 3817 1144 3866 ut
