2520 4310
457 347 563 396 LIBER
578 346 664 396 XXX.
676 359 740 399 car.
755 359 870 396 meur.
1092 341 1153 407 248

174 501 289 564 cetera,
313 510 378 566 qum
402 491 546 564 abessent,
568 489 737 548 estimanda
750 487 881 564 Scipioni
901 487 1043 564 permitti3
1064 498 1150 564 atque

175 571 216 630 ita
227 571 353 648 pecunia
374 571 454 628 luere
476 570 743 646 Carthaginienses.
785 570 870 638 Sunt,
892 566 941 643 qui
956 567 1152 626 Hannibalem

174 669 213 708 ex
226 651 289 708 acie
303 651 340 708 ed
364 669 443 708 mare
466 650 641 725 pervenisse,
656 649 724 706 inde
738 650 894 724 praeparath
916 665 989 704 nave
1004 647 1040 703 ad
1054 663 1151 722 regem

175 729 355 788 Antiochum
369 730 514 806 extemplo
526 728 687 804 pmsectum
701 728 833 785 tradant:
856 726 1068 803 postulantique
1087 735 1154 784 aute

151 808 273 867 somnia
287 809 427 884 Scipioni,
452 819 484 866 ut
498 808 646 866 Hannibal
661 807 716 865 sibi
740 809 911 875 traderetur,
926 823 1096 882 responsum
1109 822 1154 864 ea·

174 906 217 963 se,
232 888 429 948 Hannibalem
442 888 472 946 in
487 888 588 946 Africa
608 907 667 946 nou
680 906 753 945 esse.

214 1047 395 1106 XXXVIII.
430 1047 584 1121 Postquam
615 1047 765 1104 redieruut
787 1045 825 1103 ad
853 1045 1020 1121 Scipionem
1046 1043 1153 1122 legatia

173 1143 238 1200 quae
251 1127 369 1200 publica
389 1126 420 1183 in
435 1127 556 1184 navibus
580 1125 703 1197 fueraut,
728 1144 766 1184 ex
779 1125 904 1200 publicis
929 1125 1074 1200 descripta
1086 1124 1154 1182 rati·

173 1205 278 1264 onibus
291 1216 462 1280 quaestorcs;
484 1224 547 1281 quae
571 1205 691 1280 privata,
716 1205 843 1281 profiteri
861 1204 971 1262 domini
988 1203 1079 1281 jussi3
1100 1221 1153 1280 pro

140 1286 209 1343 net
229 1289 342 1356 summd
362 1285 494 1360 pecuniae
518 1285 620 1360 viginti
644 1285 770 1360 quinque
793 1284 883 1365 millia
911 1284 1008 1360 pondo
1039 1281 1152 1358 argenti

173 1365 329 1442 praesentia
351 1374 473 1422 exacta:
502 1363 684 1438 iuduciaeque
708 1364 999 1440 Carthaginiensibus
1023 1363 1097 1420 datae
1121 1362 1153 1420 in

174 1453 234 1502 tres
247 1462 370 1501 menses.
412 1443 565 1510 Additum,
586 1462 624 1500 ne
637 1461 688 1518 per
709 1443 891 1501 induciarum
906 1454 1018 1518 tempus
1033 1441 1089 1499 alid
1108 1459 1155 1500 us·

174 1541 271 1596 quam,
294 1523 380 1598 quim
395 1521 532 1588 Romam,
554 1522 702 1579 mitterent
715 1523 842 1598 legatos:
864 1533 903 1594 et,
924 1523 1099 1597 quicumque
1112 1519 1153 1580 le·
1243 1527 1246 1532 '

174 1602 235 1678 gati
248 1601 457 1678 Carthaginem
470 1601 629 1674 venisseut,
647 1620 684 1658 ne
709 1600 777 1658 ante
801 1601 979 1658 dimitterent
992 1621 1052 1674 eos,
1066 1599 1153 1676 quim

139 1681 343 1742 rsRomanum
368 1682 580 1756 imperatorem,
607 1681 667 1755 qui,
699 1691 729 1738 et
749 1699 813 1755 quaa
837 1689 969 1756 petentes
996 1681 1152 1750 venissent,

175 1760 327 1820 certiorem
343 1761 480 1819 facerent.
522 1759 599 1818 Cum
612 1760 715 1836 legatis
726 1759 1017 1836 Carthaginiensibus
1027 1759 1155 1820 Romam

175 1840 256 1898 missi
267 1840 300 1898 1.
317 1840 454 1899 Veturius
465 1838 559 1907 Philo,
583 1851 613 1897 et
627 1839 669 1897 Μ.
685 1839 814 1898 Marcius
828 1839 926 1912 Ralla,
946 1849 976 1896 et
996 1839 1030 1897 L.
1045 1839 1154 1915 Scipi0,

176 1919 356 1995 imperatoris
369 1920 464 1978 frater.
506 1919 562 1978 Per
583 1938 632 1978 eos
653 1919 716 1977 dies
730 1929 909 1978 commeatus
922 1937 959 1976 ex
973 1919 1074 1977 Sicilia
1089 1920 1155 1978 Sar-

175 1997 311 2075 diuidque
322 2010 432 2057 tantam
446 1999 583 2068 vilitatem
606 2017 728 2057 annonae
742 1999 911 2066 effecerunt,
926 2009 958 2056 nt
971 2019 1023 2074 pro
1037 1999 1154 2057 vecturrl

138 2092 165 2134 ao
175 2077 352 2138 frumentum
366 2089 507 2138 mercator
522 2079 617 2136 nautis
631 2080 813 2153 relinqueret.
842 2079 956 2146 Romae,
969 2078 1005 2135 ad
1019 2078 1154 2138 nuntium

174 2158 299 2234 primum
319 2159 484 2216 rebellionis
508 2157 803 2234 Carthaginiensium,
837 2158 1010 2234 trepidatum
1042 2158 1153 2230 suerat3

68 2245 71 2252 '
170 2236 324 2314 jussusque
338 2248 400 2296 erat
423 2238 473 2296 Ti.
488 2237 630 2296 Claudius
648 2237 759 2296 mature
774 2239 804 2296 iu
819 2238 956 2296 Siciliaur
964 2238 1086 2296 classem
1101 2238 1154 2296 du·

108 2325 112 2328 '
172 2334 251 2389 cere,
272 2326 363 2392 atque
390 2317 459 2375 inde
486 2317 516 2375 iu
544 2317 860 2394 Abicamtrajicere3
894 2329 924 2376 et
951 2317 1022 2376 ulter
1048 2317 1151 2378 consul

158 2392 216 2452 Μ.
230 2395 368 2453 Servilius
382 2398 419 2453 ad
432 2397 540 2456 Urbem
554 2397 669 2470 morari,
683 2398 788 2466 donec,
803 2417 859 2472 quo
879 2406 955 2455 statu
969 2416 1015 2454 res
1028 2397 1058 2454 in
1073 2397 1152 2456 Afri-

90 2532 97 2547 ,
136 2475 329 2547 assessori,
350 2475 480 2532 sciretur.
522 2476 658 2552 Segniter
681 2477 778 2534 omnia
800 2477 830 2535 in
844 2475 1038 2550 conparanda
1062 2476 1152 2534 dedu·

172 2553 324 2628 condique
348 2555 441 2627 classe
465 2555 502 2612 ab
516 2555 565 2612 Ti.
580 2555 704 2613 Claudio
728 2556 846 2614 consule
861 2555 937 2612 facta
950 2564 1051 2624 erant;
1072 2552 1151 2630 qudd

173 2631 274 2692 Patres
294 2633 331 2690 de
344 2651 417 2708 pace
439 2633 585 2709 Scipionis
598 2633 693 2710 potius
713 2634 862 2694 arbitrium
875 2651 950 2701 esse,
965 2632 1068 2707 quibus
1081 2632 1152 2710 legi·

173 2711 228 2770 bus
241 2712 368 2786 daretur,
391 2712 477 2787 quarn
491 2712 628 2786 consulis,
653 2725 836 2772 censuerant.
877 2712 1013 2790 Prodigia
1025 2731 1149 2788 quoque,
1244 2779 1250 2786 ,

173 2791 306 2849 nuntiata
319 2792 373 2848 sub
387 2791 478 2868 ipsam
503 2793 608 2850 samam
629 2793 805 2865 rebellionis,
827 2803 963 2850 terrorem
985 2792 1148 2852 attulerant.

137 2869 276 2929 atCumis
299 2871 367 2930 solis
380 2871 458 2929 orbis
479 2872 571 2930 minui
595 2872 681 2943 visus,
696 2882 726 2930 et
739 2873 812 2948 pluit
824 2872 939 2948 lapideo
951 2871 1054 2930 imbri:
1075 2882 1105 2932 et
1119 2873 1150 2931 in

173 2950 324 3008 Veliterno
337 2969 406 3026 agro
428 2960 505 3008 terra
528 2951 695 3027 ingentibus
708 2953 840 3010 cavernis
857 2951 999 3026 consedit,
1021 2953 1150 3012 arbores·

172 3047 229 3104 que
243 3029 273 3086 in
287 3030 460 3105 profundum
475 3031 593 3088 hausta.
620 3031 744 3090 'Ariciae
759 3032 861 3106 forum,
876 3044 905 3090 et
918 3027 997 3092 circa
1010 3034 1148 3102 tabernae,

172 3107 337 3167 Frusinone
358 3128 458 3169 murus
479 3111 587 3187 aliquot
609 3110 693 3184 locis,
705 3121 735 3168 et
747 3122 838 3188 porta,
862 3113 899 3170 de
912 3112 988 3172 coelo
1001 3123 1098 3177 tuctur
1119 3123 1150 3172 et

172 3187 203 3246 in
226 3187 335 3248 Palatio
355 3189 499 3265 lapidibus
519 3191 600 3266 pluit
642 3190 677 3250 Id
698 3192 862 3268 prodigium
885 3212 965 3252 more
986 3194 1079 3270 patrio
1100 3211 1150 3252 no·

136 3286 164 3328 aa
174 3268 306 3326 remdiali
320 3289 413 3338 sacro,
428 3283 535 3330 catera
555 3270 656 3330 hostiis
670 3271 826 3348 majoribus
839 3273 974 3348 expiata:
995 3273 1148 3346 interque

171 3347 260 3404 etiam
284 3366 422 3421 aquarum
447 3350 561 3408 insolita
587 3345 757 3426 magnitudo
783 3351 813 3410 in
840 3352 1010 3428 religionem
1044 3367 1148 3406 versa:

172 3443 241 3484 nam
255 3425 296 3482 ita
309 3427 465 3484 abundavit
478 3427 607 3501 Tiberis,
628 3441 660 3487 ut
674 3430 734 3488 ludi
748 3429 940 3506 Apollinares,
962 3429 1051 3486 Circo
1063 3427 1150 3486 inuu-

167 3505 249 3572 'dato‚
261 3513 341 3563 extra
351 3515 462 3581 portam
476 3506 620 3566 Collinam
631 3509 667 3566 ad
682 3511 773 3568 aedem
782 3510 917 3585 Erycinae
932 3507 1056 3565 Veneris
1066 3523 1150 3582 para·

171 3582 276 3641 tisint.
317 3584 464 3642 Ceterrim
485 3585 620 3645 ludorum
642 3589 704 3664 ipso
727 3590 785 3659 die,
800 3590 895 3647 subite
908 3586 1062 3646 serenitate
1075 3587 1149 3654 ont,

137 3681 286 3740 eupompa,
301 3663 370 3721 duci
393 3677 488 3740 coapta
514 3667 551 3724 ad
565 3677 674 3742 portam
698 3668 852 3736 Collinam,
867 3676 1000 3727 revocata
1013 3665 1151 3724 deducta·

170 3761 227 3818 que
241 3741 272 3801 in
287 3743 408 3801 Circum
431 3756 485 3815 est,
509 3765 597 3822 quum
612 3749 772 3808 decessisse
787 3748 855 3806 inde
869 3764 972 3820 aquam
986 3745 1151 3804 nuntiatum

169 3829 272 3882 essetz'
286 3822 470 3901 laetitiamque
489 3828 597 3904 populo
618 3838 649 3886 et
671 3827 748 3887 ludis
761 3826 961 3888 celebritatem
984 3825 1095 3888 addidit
1108 3843 1153 3886 se·

172 3901 225 3965 des
238 3921 291 3967 sua
304 3903 416 3970 solenni
430 3907 598 3988 spectaculo
609 3908 732 3968 reddita.
809 3899 886 3915 ..„..
