2556 4314
562 293 672 344 tisun·
684 291 720 350 11,
738 306 801 344 cnr.
818 307 870 342 vu.
976 362 985 374 .
1166 294 1207 352 63

230 437 290 495 lem
304 436 412 513 dirigit.
454 435 554 494 Sensit
575 435 607 494 in
628 453 659 500 se
683 435 718 494 iri
741 435 856 494 Brutus.
895 433 1041 494 Deeorum
1063 444 1125 494 erat
1144 445 1207 493 tum

137 587 141 592 ν
186 559 190 566 .
231 516 303 592 ipsis
317 533 469 592 capessere
489 515 618 590 pugnam
637 514 778 573 ducibus:
792 512 880 572 avide
904 513 998 588 itaque
1011 532 1043 572 se
1054 513 1207 572 oertamini

232 595 342 654 offerta
358 593 497 669 anemae.
511 591 624 651 infestis
645 592 749 652 animis
769 602 988 665 oonourrerunt‚
1009 602 1119 661 neuter,
1137 592 1208 650 dum

236 673 349 732 hostem
363 673 534 744 vulneraret,
558 671 603 730 sui
627 671 797 748 protegendi
812 671 939 747 eorporis
953 689 1073 743 mernor,
1086 682 1127 738 ut,
1141 689 1210 728 eon·

214 752 324 812 ⁵trario
337 753 396 810 iotu
409 770 461 827 per
473 769 601 826 parmam
615 760 736 826 uterque
759 749 924 818 transfixus,
943 749 1057 808 duabus
1070 749 1210 808 herentes

239 831 337 904 hastis,
351 829 513 888 moribundi
526 848 564 887 ex
576 828 659 904 equis
671 828 744 905 lapsi
758 828 817 886 sint
832 849 838 886 :
853 827 939 886 simul
952 839 982 886 et
996 838 1101 886 eaetera
1113 845 1211 902 eques·

236 909 289 966 tris
310 928 409 986 pugna
431 908 538 984 ooepit3
569 926 663 982 neque
687 908 728 966 ita
748 905 838 965 multo
858 905 926 983 prist
938 917 969 966 et
980 907 1094 983 pedites
1115 923 1211 981 super·

236 987 363 1044 veniunt.
405 987 451 1046 Ibi
465 987 544 1044 veriti
557 987 688 1059 victorii,
702 995 732 1044 et
745 987 823 1045 velut
836 1004 919 1060 equo
931 985 1039 1059 Marte,
1052 993 1212 1062 pugnatum

148 1124 152 1128 ,
233 1075 296 1124 est:
317 1067 420 1124 dextra
432 1065 577 1140 utrimque
592 1083 703 1124 eornua
716 1065 822 1134 viuere,
836 1065 909 1122 laeva
922 1075 1066 1140 superate.
1108 1062 1215 1139 Vejen·

201 1153 228 1194 1⁰
237 1153 289 1213 tes,
303 1145 381 1202 vinei
402 1145 439 1202 ab
461 1144 598 1202 Romano
620 1144 711 1203 milite
736 1143 853 1212 assueti,
879 1143 935 1202 fusi
949 1143 1116 1220 fugatique:
1139 1140 1213 1198 Tar·

235 1223 404 1298 quiniensis,
417 1241 510 1282 novus
530 1223 630 1297 hosn's,
643 1241 703 1284 non
726 1223 805 1282 stetit
816 1221 920 1296 solim,
940 1223 992 1281 sed
1006 1221 1094 1280 etiam
1107 1219 1144 1277 ab
1158 1219 1212 1277 sut

233 1303 314 1377 parfe
328 1303 495 1362 Romanum
508 1301 627 1380 pepulit.
723 1340 726 1347 -

277 1461 348 1520 VII.
369 1460 416 1520 Ita
426 1479 516 1537 quum
528 1467 689 1538 pugnatum
702 1471 789 1530 esset,
802 1472 902 1522 tantus
914 1473 1005 1522 terror
1019 1462 1215 1538 Tarquinium

238 1549 325 1614 atque
338 1541 478 1598 Etrnsoos
491 1540 621 1610 incessit,
635 1551 678 1612 ut,
691 1541 798 1598 omissi
811 1541 893 1598 irriti
911 1560 954 1610 re,
968 1551 1054 1599 noete
1069 1542 1154 1599 ambo
1167 1560 1216 1598 ex·

205 1618 360 1687 uerutus,
374 1618 485 1694 Veiens
507 1617 798 1693 Tarquiniensisque,
822 1637 891 1676 suas
902 1619 1022 1694 quisque
1043 1620 1156 1678 abirent
1169 1619 1218 1676 do-

241 1715 314 1756 mos.
355 1696 511 1772 Adjieiunt
535 1696 677 1755 miracula
700 1697 770 1754 huie
788 1716 912 1774 pugne:
929 1697 1059 1754 silentio
1080 1697 1217 1773 proxime

238 1775 336 1855 noetis
362 1793 400 1832 ex
427 1775 499 1844 silvi
527 1775 616 1832 Arsifa
639 1775 788 1852 ingentem
819 1775 928 1834 editam
955 1793 1072 1846 vooem;
1102 1775 1217 1833 Silvani

238 1871 339 1913 vooem
360 1871 425 1938 eam
441 1854 601 1926 creditam
622 1854 686 1912 hseo
707 1853 802 1925 diota3
825 1854 923 1915 “Uno
943 1855 1008 1931 plus
1028 1855 1218 1914 Etruseorum

239 1932 414 1991 “oeeidisse
434 1933 466 1990 in
489 1932 573 2004 aoie3
594 1932 710 1992 vincere
734 1933 809 1993 bello
829 1934 1026 1994 Romanum.”
1068 1934 1115 1994 Ita
1139 1934 1217 1992 oerte*

202 2021 233 2062 ⁹⁰
243 2010 312 2069 inde
326 2011 422 2071 abiere
434 2011 574 2084 Romani,
589 2023 621 2070 ut
635 2011 773 2084 victores3
794 2013 911 2072 Etrusoi
929 2033 981 2091 pro
993 2013 1085 2075 vietis.
1128 2014 1217 2082 Nam,

226 2101 391 2166 *postquam
399 2090 505 2162 illuxit,
530 2109 586 2152 nee
609 2091 760 2168 quisquam
781 2093 907 2152 hostium
922 2093 953 2152 in
968 2105 1128 2171 eonspeetu
1141 2106 1212 2169 erat,

241 2169 274 2228 P.
290 2168 423 2228 Valerius
436 2170 538 2229 consul
552 2169 642 2246 spolia
654 2171 735 2249 legit,
755 2171 992 2250 triumphansque
1006 2173 1075 2233 inde
1090 2174 1216 2234 Romam

229 2248 334 2307 rediit.
376 2247 503 2326 Collegae
527 2248 624 2318 funus,
645 2261 753 2326 quanto
773 2262 836 2310 tum
854 2254 947 2330 potuit
961 2264 1110 2330 apparatu,
1126 2253 1214 2313 feeit:

242 2329 292 2384 sed
307 2327 397 2386 multd
410 2329 503 2405 maJ'us
516 2329 600 2388 morti
613 2329 705 2388 decus
717 2331 835 2406 publiea
858 2331 913 2390 fuit
933 2333 1079 2402 mestitia,
1100 2332 1135 2392 ed
1149 2345 1216 2392 unte

205 2407 338 2469 asumma
364 2407 496 2484 insignis,
522 2408 592 2483 'quia
615 2418 759 2478 metrone=
775 2429 895 2479 annum,
919 2422 952 2469 ut
973 2422 1134 2487 parentem,
1148 2432 1217 2473 eum

241 2486 388 2555 luxerunt,
411 2484 489 2561 qudd
519 2497 580 2544 tam
608 2505 677 2545 aoer
699 2487 773 2546 ultor
801 2487 912 2546 violatae
935 2489 1084 2564 pudieitiae
1107 2491 1216 2550 fuisset.

242 2564 363 2624 Consuli
384 2565 503 2633 deinde,
525 2565 574 2640 qui
595 2563 785 2640 superfuerat,
800 2564 846 2642 (ut
869 2576 937 2624 sunt
960 2566 1114 2626 mutabiles
1141 2571 1217 2647 vulgi

240 2644 345 2724 animi)
371 2663 411 2703 ex
439 2643 547 2712 favore,
569 2661 628 2703 non
652 2643 761 2701 invidis
781 2642 878 2712 modd,
902 2645 954 2702 sed
975 2645 1102 2721 suspicio
1121 2649 1217 2716 ‚etiam

242 2739 310 2782 eum
324 2720 414 2782 atroci
436 2721 570 2790 erimine,
590 2732 662 2781 orta
711 2722 850 2799 Regnum
874 2742 941 2782 eum
968 2725 1113 2800 affectare,
1142 2727 1217 2788 fnma

203 2822 232 2864 nu
243 2801 369 2872 ferebat3
391 2802 459 2878 quia
471 2820 528 2860 neo
542 2801 684 2878 collegam
704 2801 909 2878 subrogaverat
922 2803 952 2862 in
970 2803 1067 2864 looum
1080 2805 1173 2878 Bruti,
1188 2819 1217 2867 et

242 2881 405 2939 aedificabat
425 2881 456 2938 in
475 2880 591 2940 summi
611 2880 717 2939 Velisi:
747 2881 820 2940 “ibi
841 2882 898 2942 alto
921 2894 1005 2960 atque
1027 2887 1139 2947 munito
1153 2889 1217 2947 loeo

244 2964 263 2991 ‘¹
276 2977 374 3016 arcem
397 2959 650 3036 inexpugnabilem
674 2959 763 3018 fore.”
805 2959 880 3020 Haeo
894 2963 973 3022 dieta
986 2964 1081 3042 vulgi,
1095 2968 1218 3026 eredita·

242 3055 311 3112 que,
325 3057 413 3112 quum
424 3038 595 3114 indignitate
609 3050 750 3114 ungerent
770 3041 898 3104 consulis
911 3043 1049 3118 animum,
1064 3058 1166 3106 vounto
1180 3048 1218 3107 ad

242 3116 400 3192 concilium
413 3117 528 3194 populo,
543 3116 692 3176 submissis
703 3117 830 3178 fascibus
843 3120 874 3180 in
888 3123 1060 3184 oonoionem
1074 3127 1216 3186 escendit.
1243 3147 1249 3152 ’

205 3194 363 3258 notatum
378 3196 407 3254 id
421 3195 600 3254 multitudini
612 3197 811 3272 speotnoulum
835 3198 906 3270 fuit;
928 3202 1072 3272 submissa
1082 3205 1138 3266 sibi
1151 3223 1216 3263 esse

242 3274 357 3350 imperii
378 3274 522 3350 insignis3
556 3275 824 3352 confessionemque
852 3277 967 3352 faotam,
994 3279 1103 3359 populi,
1128 3283 1215 3360 quim

241 3353 382 3420 oonsulis,
405 3353 584 3428 majestatem
607 3353 721 3429 vimque
744 3355 882 3432 majorem
906 3374 979 3419 esse.
1033 3362 1088 3421 Ubi
1115 3362 1215 3419 audire

241 3431 325 3506 jussi,
350 3431 451 3490 oonsul
475 3429 592 3492 laudare
617 3430 760 3492 fortunam
780 3435 909 3513 eollegae,
942 3437 1061 3514 “qudd,
1095 3435 1216 3496 liberate

245 3517 265 3544 “
277 3509 379 3584 patriti,
393 3509 424 3568 in
438 3528 550 3568 summo
563 3510 681 3586 honore,
695 3533 747 3590 pro
766 3515 916 3590 republieti
936 3515 1090 3586 dimicans,
1104 3513 1216 3570 maturo
1245 3533 1252 3542 -

204 3613 233 3654 ,ω
243 3591 265 3622 “
276 3587 378 3664 gloriis,
392 3607 448 3648 neo
462 3589 531 3647 dum
545 3608 577 3647 se
600 3603 729 3650 vertente
750 3591 781 3650 in
795 3593 943 3665 invidiam,
957 3601 1078 3648 mortem
1091 3587 1219 3646 oooubu-

243 3671 263 3698 “
276 3667 363 3724 isset:
384 3686 415 3726 se
428 3668 610 3743 superstitem
620 3669 718 3744 gloriae
732 3689 792 3727 suae
805 3671 843 3728 nd
856 3671 967 3727 oximen
981 3674 1066 3733 atque
1080 3661 1218 3718 invidiam

241 3743 445 3826 “superesse:
467 3765 504 3808 ex
526 3747 679 3809 liberatore
701 3748 802 3825 patrie
823 3746 861 3804 ad
875 3737 1016 3815 Aquillius
1030 3753 1061 3794 ΒΘ
1074 3735 1218 3813 Vitelli&-
