2556 4314
496 328 605 399 mirare
621 348 693 397 xxi.
711 353 774 398 crs.
790 361 883 412 ιψι.
1119 346 1174 405 181
1258 327 1259 346 ³

103 483 107 492 ¹
198 491 301 556 emnia
314 490 380 548 nive
394 491 518 568 oppleta,
533 509 632 566 quum,
647 492 737 568 signis
750 491 841 566 primd
862 489 929 547 luce
943 489 1036 556 motiS,
1051 489 1177 566 segniter

176 595 180 597 ·
203 568 309 647 agmen
325 571 482 638 incederet,
497 571 668 648 pigritiaque
682 583 711 648 et
732 571 893 646 desperatio
911 569 940 625 in
956 570 1084 626 omniurn
1098 570 1177 628 vultu

190 650 362 718 -emineret3
384 639 665 727 praegressir‘s'signa
689 649 838 728 Hannibal
863 650 892 707 in
907 649 1099 728 promontorio
1111 667 1179 721 quo·
1219 675 1222 682 ·
1258 655 1259 660 ’

205 729 282 795 dam,
298 730 375 786 unde
397 730 530 806 longdao
552 729 609 787 late
630 741 798 806 prospectus
821 739 891 800 erat,
916 730 1073 785 consistere
1093 727 1179 802 jussis

182 808 345 886 smilitibus
370 810 484 867 ltaliam
507 820 641 882 ostentat,
669 810 869 885 subjectosque
892 807 1007 882 Alpinis
1035 806 1180 864 montibus

207 887 455 963 Circumpadanos
480 908 596 963 campos
609 884 625 944 :⁴
638 889 831 962 ‘tmoeniaque
852 907 901 944 eos
922 900 982 943 tum
997 885 1182 944 transcende·

208 975 269 1022 “re
293 986 351 1024 non
376 968 467 1024 Italiae
491 967 588 1034 modo,
611 967 662 1023 sed
686 967 773 1023 etiam
799 967 877 1022 urbis
893 967 1182 1023 Romanaezcaetera

206 1045 331 1118 “tptana,
358 1046 495 1130 pgpplir'ia
522 1046 601 1103 lore:
634 1055 774 1118 unq-aut
798 1064 943 1101 summum
968 1045 1058 1101 altero
1081 1043 1182 1119 proelio

126 1163 132 1168 -
205 1132 329 1180 “arcem
352 1135 381 1181 et
405 1135 492 1200 caput
515 1125 607 1182 ltaliae
629 1125 659 1181 in
682 1145 768 1182 manu
794 1144 829 1182 ac
850 1134 989 1200 potestate
1004 1122 1180 1181 habituros.”

170 1217 194 1256 10
203 1202 363 1260 Procedere
379 1204 446 1261 inde
461 1213 565 1280 agmen
580 1205 668 1279 coepit
679 1225 687 1274 3
700 1206 758 1280 jam
775 1204 845 1260 nihil
860 1223 897 1260 ne
910 1204 1039 1260 hostibus
1052 1202 1180 1277 quidem,

203 1294 306 1357 praeter
319 1303 406 1358 parva
428 1284 501 1352 furta
522 1303 573 1359 per
586 1285 779 1353 occasionem,
802 1283 988 1340 tentantibus
1035 1279 1181 1339 Caeterdrn

205 1361 258 1417 iter
273 1361 374 1428 multd,
385 1363 469 1436 quam
484 1363 514 1418 in
529 1364 673 1419 adscensu
687 1363 788 1430 fuerat,
805 1363 850 1437 (ut
862 1363 996 1437 pleraque
1011 1361 1131 1436 Alpium
1146 1360 1182 1418 ab

206 1438 293 1495 Italia
307 1441 382 1497 sicut
396 1441 534 1508 breviora,
549 1443 589 1497 ita
609 1443 763 1498 arrectiora
776 1443 856 1518 sunt)
872 1441 1017 1498 difficilius
1031 1441 1101 1497 luit:
1122 1459 1183 1498 om·

207 1518 345 1596 nis-enim
361 1504 509 1576 ferme‘iia
523 1535 806 1596 praeceps„angusta,
817 1520 928 1575 lubrica
941 1530 1002 1576 erat
1014 1541 1020 1588 ;
1043 1531 1074 1576 ut
1088 1537 1183 1594 neque

175 1614 198 1651 15
208 1599 350 1654 sustinere
366 1617 396 1654 se
411 1618 428 1654 a
441 1599 522 1674 lapsu
533 1610 667 1674 possent3
689 1603 755 1666 nec,
777 1598 825 1673 qui
840 1599 985 1672 paululdm
999 1598 1182 1667 titubassent,
1213 1615 1216 1623 ’

210 1677 318 1733 haerere
334 1677 431 1734 afflicti
446 1678 566 1754 vestigio
589 1697 659 1748 suo;
682 1678 786 1754 aliique
808 1696 894 1752 super
908 1677 988 1743 alios,
1003 1687 1033 1734 et
1053 1676 1212 1753 jumentao

413 1742 429 1762 la

208 1767 238 1812 et
248 1745 580 1825 hominffij'occiderent.

166 1960 168 1964 .
246 1913 393 1973 XXXVI.
415 1913 551 1974 Ventum
569 1916 674 1973 deinde
699 1917 743 1972 ad.
757 1915 846 1973 multd
865 1915 1058 1992 angust-iorem
1074 1933 1184 1992 rupem,

120 1994 124 2004 '
207 2004 291 2067 atque
306 1995 346 2052 ita
358 1997 445 2053 rectis
459 1997 545 2068 saxis,
567 2007 598 2053 ut
612 1995 686 2071 aegre*
700 1995 851 2070 expeditus
872 1996 955 2051 miles
980 1995 1182 2066 tentabundus,

171 2073 397 2149 aomanibusque
419 2077 547 2132 retinens
566 2075 688 2149 virgulta
712 2093 746 2131 ac
774 2075 876 2150 stirpes
903 2073 983 2131 circel
1010 2075 1183 2151 eminentes,

207 2151 357 2232 defflitere
372 2174 434 2212 sese
448 2166 552 2230 posset.
594 2154 707 2212 Natural
728 2155 809 2212 locus
827 2153 887 2229 jam
907 2156 972 2210 ante
986 2174 1125 2230 praeceps,
1140 2175 1184 2213 re-

207 2233 284 2308 centi
297 2232 380 2308 lapsu
402 2245 485 2292 terr'ae
504 2235 533 2290 in
549 2235 654 2309 pedum
677 2234 759 2291 mille
769 2234 925 2301 admodum
940 2231 1121 2296 altitudinem
1136 2234 1184 2291 ab·

198 2322 306 2384 ruptus
319 2323 388 2369 erat.
430 2314 474 2370 Ibi
495 2315 594 2387 quum,
618 2313 696 2369 velut
720 2313 857 2369 adfinem
873 2313 937 2379 viae,
952 2314 1063 2386 equites
1077 2313 1183 2372 consri-

206 2389 319 2455 tissent,
342 2391 456 2446 miranti
479 2391 647 2456 Hanniball,
661 2410 730 2464 quae·
747 2410 793 2446 res
807 2403 965 2447 moraretur
979 2391 1095 2465 agmen,
1110 2411 1184 2450 nun-

172 2465 303 2533 estiatur‚
318 2487 418 2542 rupem
434 2469 540 2524 inviam
564 2487 647 2524 esse:
669 2469 814 2541 digressus
836 2469 942 2526 deinde
962 2468 1021 2541 ipse
1036 2471 1072 2524 ad
1086 2468 1183 2528 locum

207 2545 368 2602 visendum.
410 2546 499 2602 Haud
522 2546 610 2602 dubia
632 2564 679 2601 res
693 2545 762 2610 visa,
777 2545 847 2618 quiri
860 2565 910 2620 per
929 2546 1008 2600 invia
1026 2546 1104 2602 ciros
1127 2565 1183 2607 nec

207 2624 274 2681 trita
288 2637 382 2698 antea,
407 2625 536 2699 quamvis
558 2625 644 2699 longo
666 2623 786 2689 ambitu,
812 2623 1044 2680 circumduceret
1068 2643 1181 2700 agmen

207 2703 251 2760 Ea
266 2703 391 2761 verdvia
415 2703 616 2780 insuperabilis
640 2702 712 2758 suit:
734 2720 811 2772 nam,
838 2721 925 2776 quum
948 2721 1033 2777 super
1056 2715 1182 2765 veterem

206 2783 301 2840 nivern
326 2784 464 2841 intactam
488 2802 562 2840 nova
583 2781 704 2838 modicae
732 2781 891 2855 altitudinis
912 2791 997 2848 esset,
1023 2783 1101 2840 molli
1124 2804 1182 2846 nec

171 2864 328 2938 sopraealtae
355 2864 415 2920 nivi
439 2862 522 2919 sacild
550 2862 638 2936 pedes
666 2860 891 2936 ingredientium
926 2859 1115 2998 iffif'oebant':
1151 2877 1183 2925 ut

206 2943 273 2998 verb
296 2953 339 2999 tot
359 2942 507 3016 hominum
527 2941 779 3017 jumentorumque
801 2939 917 3002 incessu
963 2961 1051 3017 rapsa
1063 2954 1180 3019 est,·per

206 3021 314 3078 nudam
329 3021 402 3078 infra
424 3021 548 3097 glaciem
572 3019 766 3094 fluentemque
789 3019 884 3076 tabem
906 3019 1092 3095 liquescentis
1106 3024 1180 3083 nivis

181 3111 196 3139 ’-
207 3099 449 3176 ingrediebantur.
491 3100 583 3180 [Qua
596 3100 636 3156 ibi
649 3099 769 3156 luctatio
782 3108 853 3171 erat,
868 3108 900 3156 ut
914 3119 931 3155 a
944 3099 1056 3158 lubriod
1076 3102 1179 3177 glacie,

206 3197 264 3236 non
278 3180 436 3256 recipiente
458 3171 621 3256 vestigiis,
635 3174 676 3236 el
690 3178 730 3235 'in
746 3198 836 3253 prono
850 3177 934 3235 citids
947 3181 1021 3254 pede
1036 3199 1067 3237 se
1082 3181 1180 3239 tatten-

171 3267 253 3329 tste3
274 3270 313 3325 et,
327 3279 378 3316 seu
393 3261 527 3317 manibus
541 3260 570 3316 in
593 3258 769 3333 assurgendo
790 3277 841 3314 seu
855 3276 933 3333 genu
948 3277 978 3315 se
993 3259 1178 3334 adjuvissent,

206 3337 275 3412 ipsis
289 3338 472 3408 adminiculis
484 3338 607 3413 prolapsi
631 3337 656 3393 si
675 3338 780 3394 iterum
805 3337 988 3405 corruissent,
1008 3356 1064 3394 nec
1078 3338 1179 3410 stirpes

207 3415 286 3473 circa
300 3413 457 3489 ratficesve,
480 3416 515 3472 ad
530 3435 601 3490 quas
614 3416 687 3490 pede
702 3427 752 3472 aut
765 3435 853 3472 manu
867 3417 1016 3491 quisquam
1030 3415 1101 3470 eniti
1115 3431 1179 3486 pos-

207 3507 260 3561 set,
275 3506 375 3566 erant;
398 3495 438 3552 ita
461 3495 491 3551 in
515 3494 571 3552 levi
594 3495 703 3551 tantrlm
717 3492 811 3570 glacie
825 3495 979 3570 tabiddque
994 3493 1062 3549 nive.
1073 3488 1180 3566 voluta·

208 3575 332 3631 bantur:
351 3574 482 3649 jumenta
506 3574 643 3635 secabant
667 3574 811 3632 interdum
835 3585 864 3631 et
881 3575 941 3650 jam
965 3583 1025 3626 tum
1046 3566 1179 3656 'infimam

171 3653 401 3731 reingredientia
424 3654 529 3722 nivem,
553 3665 582 3712 et
603 3653 734 3734 prolapsa
752 3651 897 3730 jactandis
915 3645 1030 3724 gravius
1044 3664 1073 3700 m
1088 3647 1180 3705 conti·

207 3734 305 3793 uendo
327 3733 454 3810 ungulis,
475 3734 590 3810 penitus
612 3732 847 3810 perfringebant:
877 3739 910 3784 ut
930 3725 1075 3800 pleraque,
1102 3725 1181 3785 velut

205 3813 311 3890 pedicd
324 3825 416 3892 capta,
431 3814 574 3875 baerereut
587 3814 618 3870 in
632 3811 736 3869 durata
749 3818 778 3866 et
792 3807 848 3863 alte
862 3801 1000 3862 concreta
1012 3802 1115 3878 glacie.
