2556 4314
112 335 166 411 ’ω
531 343 704 399 rmrnrmr

127 503 146 532 ‘⁶
159 493 206 551 En
219 493 301 565 tibi‚”
315 491 417 567 inquit,
433 501 452 528 “
465 501 496 550 ut
520 491 636 564 sentias,
651 489 739 566 quim
753 490 809 548 vile
822 509 927 566 corpus
944 492 981 550 sit
994 493 1039 566 iis,
1054 496 1106 571 qui

128 577 146 604 “
158 591 294 649 magnam
307 571 428 647 gloriam
442 571 541 629 vident
549 590 555 628 :
563 573 579 598 ’³
602 571 793 646 dextramque
808 588 935 628 accenso
949 573 986 628 ad
999 575 1109 634 sacrifi-

129 651 207 709 cium
222 651 317 708 foculo
331 647 442 728 injicit:
463 669 549 726 quam
563 669 653 726 quum
667 650 745 708 velut
758 650 883 707 alienato¹
896 651 934 706 ab
947 670 1035 710 sensu
1048 665 1107 712 tor·

127 741 202 788 reret
216 731 334 799 anim03
354 729 442 806 prope
467 728 604 788 attonitus
627 729 768 787 miraculo
789 749 849 802 rex,
864 748 955 804 quum
975 731 1012 788 ab
1037 734 1106 792 sede

125 809 179 866 sud
193 809 377 885 prosiluisset,
398 809 579 883 amoverique
600 809 637 864 ab
657 805 795 866 altaribus
816 809 954 885 juvenem
962 807 1104 885 jussisset,
1128 824 1142 864 s

128 888 208 946 “Tu
222 907 291 946 vero
305 888 383 955 abi‚'’
398 888 500 962 inquit,
526 887 630 944 “inte
645 888 746 964 magis,
771 887 858 962 quim
872 888 902 944 in
917 908 974 962 me,
990 889 1104 949 hostilia

126 971 146 1004 ‘⁴
155 987 252 1025 ausus.
293 967 433 1025 Juberem
447 976 542 1024 macte
557 966 661 1024 virtute
676 986 747 1037 esse,
763 967 787 1023 si
800 986 853 1042 pro
863 969 930 1024 med
942 969 1036 1043 patriti
1050 971 1105 1028 ista

120 1055 146 1104 .“
158 1048 248 1121 virtus
261 1055 357 1103 staret.
385 1095 386 1098 ,
399 1045 489 1103 Nunc
504 1045 575 1122 'jure
595 1046 663 1102 belli
675 1045 799 1103 liberum
818 1055 847 1103 te
859 1046 1002 1106 intactum
1015 1049 1104 1108 invio·

128 1127 303 1200 “latumque
317 1125 387 1182 hinc
402 1125 544 1183 dimitto’?
585 1124 665 1182 Tum
679 1123 807 1195 Mucius,
819 1125 899 1200 quasi
914 1145 1103 1187 remunerans

128 1204 272 1276 meritum,
295 1213 314 1240 ‘⁴
325 1203 603 1280 Quandoquidem,”
624 1204 728 1279 inquit,
751 1214 827 1261 “est
851 1207 927 1280 apud
952 1217 981 1264 te
1006 1207 1101 1267 virtuti
1114 1225 1139 1264 lo

126 1288 143 1314 “
155 1283 256 1352 honos,
271 1280 303 1341 ut
316 1283 459 1341 beneficio
472 1283 572 1340 tuleris
586 1303 603 1340 a
617 1302 674 1351 me,
689 1284 764 1358 quod
780 1283 867 1341 minis
881 1273 1023 1360 nequisti3
1044 1298 1102 1345 tre·

126 1371 146 1400 ‘⁴
158 1363 236 1420 eenti
250 1362 463 1438 conjuravimus
476 1362 621 1438 principes
632 1363 792 1439 juventutis
813 1363 966 1433 Romane,
982 1376 1013 1422 ut
1028 1366 1057 1424 in
1071 1377 1101 1426 te

126 1442 213 1499 “hac
234 1441 281 1498 vit
301 1460 507 1528 grassaremur.
549 1440 619 1498 Mea
639 1442 732 1517 prima
753 1461 815 1500 sors
841 1442 914 1500 suit:
936 1445 1043 1513 eaeteri,
1068 1457 1101 1504 ut

127 1525 144 1550 ‘⁴
155 1521 261 1596 cuique
283 1520 423 1579 ceciderit
445 1517 547 1596 primd,
569 1521 663 1595 quoad
677 1531 705 1577 te
719 1532 912 1598 opportunum
925 1523 1038 1582 fortuna
1051 1526 1101 1584 de·

125 1607 144 1636 “
157 1599 239 1671 derit,
254 1599 440 1674 unoquisque
456 1609 594 1675 tempore,
609 1600 760 1658 aderunt.’'
1112 1624 1138 1664 rs

163 1760 253 1820 XIII.
275 1761 409 1820 Mucium
433 1761 584 1820 dimissum
599 1731 670 1839 v(cui
691 1771 791 1838 postea
813 1762 950 1821 Scaevolae
974 1782 992 1819 a
1015 1762 1099 1820 clade
1146 1835 1148 1841 ,

122 1840 230 1896 dextrae
244 1842 346 1898 mamis
359 1842 683 1918 cognomen.inditnm)
698 1842 786 1918 legati
800 1861 818 1899 a
831 1843 956 1900 Porsena
970 1841 1097 1902 Romam

122 1918 215 1975 secuti
239 1929 315 1975 sunt.
356 1917 443 1974 Aded
463 1928 590 1974 moverat
613 1937 681 1974 eum
704 1930 733 1989 et
756 1921 839 1995 primi
864 1920 986 1998 periculi
999 1939 1097 1994 casus,
1136 1981 1140 1988 ‚

119 2014 178 2069 quo
192 1995 264 2052 nihil
286 2015 317 2052 se
331 2006 434 2071 praeter
448 2014 574 2053 errorem
597 1995 772 2055 insidiatoris
785 1999 914 2065 texisset,
928 2009 958 2055 et
972 1999 1099 2056 subeun-

122 2075 160 2130 da
173 2073 322 2130 dimicatio
336 2073 428 2145 toties
444 2085 512 2148 quot
526 2073 667 2150 conjurati
683 2087 874 2150 superessent,
890 2087 922 2133 ut
934 2077 1016 2152 pacis
1029 2097 1098 2135 con·
1108 2093 1138 2132 so

121 2152 245 2210 ditiones
266 2153 340 2210 ultro
363 2153 449 2210 ferret
471 2152 625 2243 Romanis.
667 2153 813 2212 Jactatum
838 2155 868 2212 in
882 2155 1097 2214 conditionibus
1145 2186 1147 2190 .

121 2232 316 2306 nequidquam
338 2232 374 2288 de
398 2231 567 2306 Tarquiniis
588 2232 618 2290 in
640 2251 764 2308 regnum
785 2235 979 2306 restituendis,
1004 2237 1097 2312 magis

120 2310 187 2386 quia
201 2311 230 2368 id
245 2330 352 2388 negare
367 2311 427 2387 ipse
452 2312 620 2386 nequiverat
642 2311 821 2386 Tarquiniis,
847 2313 936 2388 quim
957 2313 1034 2388 quod
1048 2334 1098 2372 ne·

74 2451 78 2458 ,
118 2399 218 2466 gatum
232 2390 267 2447 iri
289 2391 343 2448 sibi
358 2391 394 2447 ab
408 2390 552 2449 Romanis
577 2391 730 2466 ignoraret.
772 2391 819 2449 Dc
842 2411 910 2469 egro
925 2392 1115 2469 Vejentibus,

117 2469 295 2528 restituendo
327 2470 532 2546 impetratum:
566 2489 757 2546 expressaque
791 2472 949 2530 necessitas
981 2473 1133 2533 obsideses

119 2549 208 2606 dandi
221 2550 374 2618 Romanis,
389 2549 413 2606 si
427 2550 563 2608 ianiculo
582 2549 748 2626 praesidium
763 2550 869 2608 deduci
884 2552 997 2608 velient.
1039 2552 1096 2610 His
1158 2578 1163 2584 ·

120 2629 336 2691 conditionibus
360 2630 519 2706 compositi
539 2648 622 2705 pace,
647 2628 806 2687 exercitum
831 2630 868 2686 ab
888 2630 1024 2688 Janiculo
1048 2632 1097 2689 de-

120 2709 203 2766 duxit
216 2709 352 2780 Porsena,
368 2719 398 2766 et
411 2729 480 2786 agro
493 2710 629 2766 Romano
642 2708 776 2766 excessit.
817 2708 919 2767 Patres
933 2709 968 2767 C.
982 2710 1094 2778 Mucio,

118 2787 229 2844 virtutis
243 2791 341 2855 causi,
355 2797 435 2845 trans
448 2787 581 2845 Tiberim
590 2808 691 2865 agrurn
702 2789 779 2846 dono
792 2788 907 2855 dedere,
920 2807 983 2863 quae
996 2800 1095 2864 postea

118 2875 185 2922 sunt
209 2864 310 2923 Mucia
334 2876 416 2941 prata
443 2866 592 2942 appellata.
645 2869 733 2945 Ergo,
759 2869 799 2925 ita
820 2868 957 2925 honorata
978 2868 1131 2936 virtute,aa

116 2943 243 3001 foeminae
257 2964 369 3020 quoque
384 2946 420 3002 ad
433 2947 551 3022 publica
564 2947 670 3005 decora
684 2948 826 3005 excitatae.
868 2947 908 3006 Et
920 2946 1027 3004 Cloelia
1039 2948 1095 3004 vir·

116 3043 164 3099 go,
179 3043 237 3080 una
261 3043 298 3082 en
317 3025 476 3099 obsidibus,
501 3046 589 3101 quum
614 3038 709 3090 eastra
722 3027 913 3085 Etruscorum
927 3026 999 3090 sorte
1015 3028 1094 3085 haud

116 3103 216 3177 procul
240 3103 303 3178 ripi
326 3103 443 3162 Tiberis
464 3106 559 3164 locata
580 3118 687 3175 essent,
712 3107 846 3163 frustrata
868 3107 1013 3176 custodes,
1035 3108 1095 3164 dux

117 3181 241 3257 agminis
256 3183 410 3260 virginum,
426 3185 500 3243 inter
514 3187 572 3244 tela
586 3187 711 3243 hostium
726 3185 858 3240 Tiberim
872 3186 1015 3254 tranavit3
1036 3205 1095 3244 sos-

116 3259 247 3337 pitesque
260 3281 362 3321 omnes
376 3264 504 3323 Romam
524 3267 562 3322 ad
576 3265 750 3340 propinquos
763 3262 896 3319 restitnit.
937 3262 1094 3324 Quodubi
1103 3269 1129 3308 ³⁵

107 3341 177 3416 regi
198 3343 363 3401 nuntiatum
385 3355 437 3416 est,
460 3344 554 3420 primo
575 3345 715 3402 incensus
738 3341 791 3410 iria,
815 3352 942 3400 oratores
966 3343 1093 3402 Romam

117 3420 196 3478 misit
209 3423 246 3478 ad
261 3422 395 3481 Cloeliam
416 3424 547 3481 obsidem
561 3421 775 3498 deposcendum
783 3442 791 3493 ;
813 3422 884 3480 alias
902 3423 980 3480 haud
994 3424 1093 3500 magni

116 3501 232 3558 iacere:
264 3503 370 3560 deinde
393 3503 422 3559 in
447 3501 667 3560 admirationem
692 3520 799 3574 versus,
813 3507 939 3578 ,“supra
963 3501 1092 3560 Coclites

116 3579 313 3656 “Muciosque
324 3583 343 3609 '’
368 3581 466 3639 dicere
489 3582 548 3638 “id
573 3580 686 3638 sa'cinus
709 3583 805 3657 osse‚’'
829 3591 857 3638 et
879 3601 938 3657 prae
952 3601 983 3638 se
1008 3581 1091 3649 ferre,
1170 3605 1172 3609 ·

116 3669 136 3704 ⁴⁶
148 3661 401 3735 quemadmodum,
416 3659 439 3715 si
462 3654 521 3715 non
543 3659 665 3717 dedatur
679 3660 773 3732 obses,
781 3662 839 3737 ‘pro
852 3673 937 3737 rupto
951 3679 981 3717 se
996 3660 1091 3717 soedus
1102 3670 1128 3708 4⁰

116 3746 135 3774 ‘⁴
147 3739 330 3808 habiturnm;
352 3738 395 3794 sic
409 3736 547 3803 deditam,
562 3737 727 3796 inviolatam
742 3741 778 3797 ad
792 3759 859 3798 suos
873 3739 1091 3797 remissurum.”

114 3811 263 3892 Utrimque
274 3815 408 3876 constitit
416 3814 503 3873 fides:
524 3824 554 3873 et
567 3815 697 3876 Romani
717 3819 823 3898 pignus
836 3818 917 3897 pacis
931 3837 968 3877 ex
982 3816 1091 3878 soedere

1269 3809 1270 3855 i

1267 3857 1269 3904 i
