2556 4314
555 265 661 351 unsri
676 299 698 349 1.
715 313 778 351 cer.
795 314 860 348 xrrr.
968 255 975 272 ·
1158 297 1196 358 15

222 463 290 504 arce
303 445 521 512 decucurrerat,
527 449 565 500 'et
578 442 685 500 effusos
698 452 797 519 egerat
811 442 973 514 Romanos,
985 451 1044 500 toto
1057 447 1198 516 quantum

223 523 284 584 loro
298 523 424 600 spatium
437 531 497 580 est:
518 539 575 580 nec
589 521 689 596 procul
700 522 759 597 jam
773 541 790 579 a
802 523 884 597 porti
897 520 999 578 Ptlatii
1011 531 1082 590 erat,
1097 519 1199 580 clami·

223 613 301 676 tans,
329 601 493 660 “Vicimus
513 599 637 676 perfidos
659 593 796 677 hospites,
820 599 950 658 imbelles
973 601 1079 658 hostes.
1130 600 1200 658 Jam

226 691 246 719 “
259 681 365 754 sciunt,
386 681 472 757 longe
494 679 572 736 aliud
596 697 660 736 esse
684 679 812 754 virgines
835 696 945 754 rapere,
969 679 1047 736 aliud
1069 695 1200 755 pugnare

139 789 141 793 ·
201 764 247 810 ⁵“
259 779 327 820 cum
342 759 439 818 viris.’'
479 758 516 816 In
530 776 607 825 cum,
622 758 687 816 hoeo
707 757 890 834 gloriantem,
903 776 972 814 cum
986 756 1071 832 globo
1084 757 1201 816 ferocis·

227 839 364 898 simorum
375 840 514 916 juvenum
530 836 685 900 ,Romulus
708 837 848 912 impetum
873 836 951 893 lacit.
993 835 1040 893 Ex
1052 847 1128 911 eq'uo
1139 847 1202 894 tum

227 917 298 976 forte
313 917 422 976 Mettus
434 917 601 994 pugnabat:
622 915 659 973 ed
682 915 750 991 pelli
774 914 888 972 facilius
912 914 982 971 luit:
1004 915 1119 992 pulsum
1140 915 1201 974 Ro·

224 997 303 1054 mani
324 1008 552 1072 persequuntur:
573 1005 603 1053 et
626 995 683 1052 alia
704 995 840 1052 Romana
863 993 951 1066 acies,
977 993 1101 1050 audacie
1124 993 1202 1070 regis
1253 991 1254 994 ’

224 1093 359 1148 accensa,
373 1076 467 1133 fundit
489 1075 620 1133 Sabinos.
662 1072 772 1133 Mettus
794 1074 823 1131 in
843 1072 979 1150 paludem
992 1091 1067 1145 sese,
1081 1072 1203 1150 strepitu

152 1212 155 1217 ,
190 1170 215 1211 it
225 1155 406 1229 sequentium
431 1153 591 1229 trepidante
605 1171 689 1244 equo,
704 1153 848 1230 conjecit:
870 1153 1086 1228 adverteretque
1107 1170 1143 1209 ea
1156 1169 1203 1211 rer

224 1233 312 1291 etiam
326 1233 450 1292 Sabinos
472 1234 546 1291 tanti
568 1231 698 1309 periculo
712 1232 774 1290 riri.
815 1232 854 1289 Et
867 1231 915 1289 ille
929 1232 1056 1306 quidem,
1070 1249 1202 1288 annuen-

225 1311 302 1382 tibus
315 1331 350 1370 ac
365 1312 534 1370 vocantibus
545 1313 614 1380 suis,
626 1311 721 1370 lavore
735 1310 891 1370 multorum
903 1311 1002 1368 addito
1015 1309 1122 1382 animo,
1136 1327 1203 1367 eve·

141 1439 145 1444 .
225 1391 276 1449 dit.
317 1391 446 1450 Romani
461 1390 619 1466 Sabinique
630 1391 662 1448 in
675 1390 771 1448 medii
784 1389 1051 1448 convalleduorum
1059 1388 1202 1448 montium

107 1479 112 1488 ‘
183 1521 186 1526 .
224 1470 586 1548 redintegrantproelium:
606 1471 659 1553 sed
672 1489 718 1528 res
732 1470 869 1528 Romana
888 1479 950 1527 erat
962 1469 1101 1545 superior.

257 1571 265 1582 ⁸
305 1558 334 1607 tt
584 1556 588 1562 '

190 1649 218 1688 15
267 1618 359 1684 xlll.
380 1625 461 1682 Tum
485 1621 606 1690 Sabinu
625 1625 772 1692 mulieres,
794 1643 915 1700 quarum
928 1643 966 1683 ex
978 1625 1082 1701 injurii
1096 1625 1204 1684 bellurn

226 1715 324 1762 ortum
338 1713 410 1770 eret,
425 1703 554 1761 crinibus
565 1703 658 1778 passis
681 1703 826 1778 scissisque
851 1713 940 1776 veste,
953 1705 1030 1761 victo
1047 1705 1130 1762 malis
1143 1723 1205 1763 mu-

225 1779 310 1842 liebri
323 1801 440 1858 pavore,
455 1801 533 1838 ausae
554 1800 589 1838 sc·
598 1781 674 1838 inter
698 1782 756 1838 tela
779 1781 903 1839 volantia
923 1783 1039 1856 inferre,
1054 1802 1090 1840 ex
1112 1794 1205 1842 trans·

119 1909 126 1918 .
226 1881 308 1920 verso
326 1861 436 1936 impetu
458 1861 544 1932 laeto,
559 1858 694 1917 dirimere
715 1860 835 1917 infestas
857 1861 943 1934 acies,
967 1860 1102 1920 dirimere
1125 1863 1204 1934 iras3

227 1941 298 1998 hinc
311 1951 417 2015 patres,
431 1939 501 1996 hino
524 1938 600 1996 viros
622 1948 747 2006 oranter,
771 1947 790 1976 ‘⁶
802 1939 851 1997 Ne
875 1959 905 1997 se
920 1941 1061 2017 sanguine
1075 1942 1204 2002 nefando

188 2023 249 2068 'v‘
261 2017 354 2078 soceri
375 2017 531 2094 generique
554 2028 774 2093 respergerent:
795 2037 832 2075 ne
853 2020 1008 2095 parricidio
1022 2021 1226 2080 macularent·

155 2103 158 2126 ³
229 2103 249 2131 “
259 2108 358 2174 partus
372 2116 447 2170 suos,
461 2105 599 2172 nepotum
613 2096 666 2168 illi,
679 2096 802 2154 liberum
815 2097 845 2154 hi
858 2099 1036 2175 progeniem.
1065 2101 1097 2157 si
1111 2099 1204 2158 affini·

230 2187 249 2214 “
261 2177 415 2242 tatisinter
439 2195 499 2248 vos,
513 2175 537 2233 si
551 2175 690 2233 connubii
704 2176 794 2252 piget,
815 2176 846 2234 in
868 2195 920 2234 nos
941 2177 1042 2236 vertite
1056 2178 1127 2236 ires:
1149 2197 1204 2237 noe
1253 2227 1254 2230 η

134 2301 136 2304 -
229 2265 248 2294 “
260 2275 348 2314 causa
360 2254 439 2328 belli,
457 2255 675 2312 nos'vulnerum
689 2273 724 2312 ac
738 2255 863 2314 caedium
887 2256 955 2315 viris
975 2275 1011 2314 ac
1034 2257 1204 2332 perentibus

231 2338 356 2392 “sumus
368 2355 376 2390 r
390 2334 495 2392 melitis
508 2333 675 2410 peribimus,
686 2333 772 2408 quim
784 2333 846 2392 sine
861 2335 957 2392 alteris
970 2337 1094 2393 vestrdm
1108 2337 1203 2393 viduae

193 2422 314 2472 want.
330 2415 407 2476 orbae
429 2413 587 2470 vivemus.'’
629 2411 729 2470 Movet
748 2432 795 2493 res
818 2421 879 2471 tum
900 2413 1126 2487 multitudinem,
1139 2424 1204 2474 tum

226 2493 325 2552 duces.
368 2491 525 2550 Silentium
536 2502 566 2548 et
579 2491 730 2565 repentina
754 2491 786 2549 fit
799 2491 900 2564 quies:
922 2493 991 2548 inde
1006 2493 1043 2548 ad
1057 2493 1150 2550 loedus
1163 2494 1204 2551 fa-

191 2572 364 2666 goiendum
389 2571 482 2648 duces
501 2569 661 2645 prodeunt:
683 2587 739 2626 nec
763 2587 866 2643 pacem
887 2568 983 2637 modd,
999 2571 1050 2626 sed
1063 2580 1093 2628 et
1106 2570 1205 2630 civita·

134 2669 142 2686 ·
192 2662 284 2719 {tem
298 2669 388 2708 unam
413 2669 450 2725 ex
474 2648 586 2705 duabus
608 2647 737 2705 faciunt:
759 2666 880 2723 regnum
905 2648 1094 2719 consociant3
1114 2650 1205 2728 impe-

198 2724 301 2811 }rium
327 2749 414 2789 omne
442 2727 597 2786 conserunt
623 2727 759 2784 Romam.
822 2725 868 2784 Ita
889 2727 1036 2804 geminate
1063 2730 1144 2804 urbe,
1171 2741 1204 2790 ut

42 2835 48 2846 ¹
151 2817 158 2823 ‘
192 2863 212 2902 b,
227 2810 344 2867 Sabinis
357 2821 455 2867 temen
470 2806 578 2881 aliquid
598 2806 723 2878 daretur,
738 2805 871 2868 Quirites
885 2825 902 2864 a
916 2807 1042 2866 Curibus
1058 2809 1223 2886 appellati'

86 2899 92 2918 ·
198 2917 212 2958 ,3
227 2887 451 2946 Monumentum
464 2887 527 2962 ejus
540 2903 656 2961 pugne,
670 2884 720 2942 ubi
733 2885 857 2961 primum
871 2905 908 2943 ex
920 2887 1063 2962 profundi
1071 2907 1205 2949 emersus

193 2978 222 3040 Ξ
227 2966 334 3042 palude
347 2984 437 3040 equus
457 2964 592 3024 Curtium
615 2963 645 3022 in
669 2961 743 3022 vado
766 2965 874 3033 statuit,
889 2965 1024 3024 Curtium
1043 2968 1139 3026 lacurn
1154 2988 1204 3046 ap·

229 3042 381 3120 pellarunt.
431 3044 477 3101 Ex
498 3043 574 3102 bello
596 3053 655 3102 tam
678 3043 751 3101 tristi
773 3043 839 3102 laeta
859 3045 979 3122 repente
1000 3066 1056 3122 pax
1077 3048 1204 3107 cariores

230 3123 353 3182 Sabinas
364 3122 430 3180 viris
441 3123 665 3199 arc-parentibus,
675 3133 705 3181 et
718 3133 785 3182 ente
795 3143 897 3181 omnes
907 3125 1035 3200 Romulo
1045 3127 1110 3203 ipsi,
1123 3127 1202 3187 fecit.

194 3201 340 3277 ssItaque,
356 3222 445 3278 quum
468 3202 606 3278 populum
629 3201 659 3260 in
674 3202 770 3260 curias
783 3203 902 3280 triginta
919 3205 1069 3274 divideret,
1083 3207 1205 3266 nomina

227 3300 328 3340 earum
342 3282 433 3344 curiis,
444 3282 587 3358 imposuit.
630 3281 665 3339 Id
679 3301 738 3340 non
751 3283 883 3350 traditur,
900 3281 1002 3359 (quum
1022 3286 1100 3343 haud
1114 3285 1203 3346 dubie

228 3359 375 3436 aliquanto
398 3381 536 3420 numerus
559 3359 649 3437 major
671 3363 726 3420 hoc
748 3362 901 3422 mulierum
923 3363 1022 3444 luerit)
1048 3375 1141 3439 etate,
1163 3381 1202 3421 an

228 3439 419 3516 dignitatibus
430 3441 490 3499 suis
503 3441 674 3508 virorumve,
689 3460 726 3498 an
740 3451 815 3500 sorte
829 3441 912 3498 lectae
926 3443 993 3512 sint,
1004 3463 1068 3518 quae
1083 3443 1204 3504 nomina

229 3519 318 3576 curiis
338 3520 449 3578 darent.
495 3520 607 3578 Eodem
632 3529 759 3595 tempore
780 3531 810 3578 et
831 3522 970 3580 centurie
994 3532 1051 3578 tres
1072 3521 1203 3593 equitum

193 3599 400 3674 inconscriptae
423 3605 505 3656 sunt:
535 3599 722 3656 Ramnenses
746 3599 782 3656 ab
806 3600 944 3673 Romulo,
969 3601 1005 3656 ab
1020 3596 1090 3651 Tito
1113 3597 1203 3652 Tatio

228 3675 378 3738 Titienses
389 3678 545 3754 appellati:
566 3678 714 3736 Lucerum
735 3678 862 3736 nominis
882 3687 912 3732 et
924 3673 1043 3747 originis
1057 3687 1147 3757 cause
1159 3671 1203 3726 in-

158 3795 161 3800 -
228 3766 375 3817 certaest.
417 3757 491 3814 Inde
512 3777 572 3814 non
592 3755 680 3814 modo
701 3773 868 3826 commune,
889 3752 941 3810 sed
962 3760 1082 3806 concors
1104 3757 1204 3814 etlam·

229 3853 353 3921 regnum
366 3835 480 3897 duobus
492 3835 610 3922 regibus
623 3834 686 3899 fuit,
777 3901 779 3908 J
