2556 4314
159 357 217 416 130
237 359 242 424 j
566 351 637 404 τιτι
654 351 740 405 urvu

156 509 176 538 “
188 509 273 574 atque
287 516 384 556 arcem
404 495 502 574 populi
523 494 663 568 Romani,
687 493 718 552 in
739 511 770 552 re
784 493 896 568 trepidi
916 503 1024 551 tutatus
1037 506 1136 554 esset:

157 579 396 654 “collegiumque
411 578 447 634 ad
468 595 533 634 eam
547 594 607 633 rem
623 575 667 632 M.
682 574 789 634 Furius
810 573 932 630 dictator
946 574 1137 633 constitueret

157 667 177 695 ‘⁴
188 677 226 715 en
239 658 284 729 iis,
296 657 344 732 qui
359 657 389 714 in
404 655 549 733 Capitolio
560 665 644 730 atque
655 671 722 712 arce
737 652 930 712 habitarent.'’
973 653 1137 728 Expiaudae

157 737 245 795 etiam
259 737 338 794 vocis
358 746 519 808 nocturnae,
532 753 596 810 quae
620 733 723 791 nuntia
738 732 830 790 cladis
845 742 911 790 ante
926 732 1034 789 bellum
1048 733 1138 791 Galli·

157 835 225 876 cum
248 816 346 874 audita
376 816 566 892 neglectaque
593 823 678 888 esset,
703 812 812 870 mentio
839 811 934 882 illata;
967 811 1138 888 jussumque
1162 829 1176 866 5

157 897 296 972 templum
310 895 341 953 in
356 894 439 953 Nove
454 895 498 951 via
512 894 569 969 Ajo
583 891 706 950 Locutio
727 891 798 949 fieri.
841 891 964 958 Aurum,
979 891 1055 966 quod
1070 891 1139 948 Gal-

157 975 193 1034 lis
207 985 337 1052 ereptum
361 984 432 1047 erat,
447 973 579 1049 quodque
604 989 643 1029 ex
658 971 721 1028 aliis
745 968 860 1046 templis
884 970 957 1027 inter
972 970 1139 1045 trepidatio-

158 1074 226 1114 nem
245 1055 275 1112 in
297 1052 378 1130 Joyis
391 1051 655 1130 cellam'collatum,
669 1057 766 1125 quum‘,
782 1050 813 1107 in
836 1068 900 1124 quae
913 1049 1014 1106 referri
1027 1060 1139 1124 oporte·

159 1145 213 1207 ret,
227 1131 348 1206 confusa
362 1132 501 1190 memoria
513 1141 599 1198 esset,
621 1148 734 1187 sacrum
755 1148 842 1186 omne
854 1128 1025 1205 judicatum,
1039 1138 1070 1186 et
1083 1129 1140 1186 sub

158 1212 238 1271 Jovis
262 1212 332 1270 sella
354 1211 422 1288 poni
441 1211 571 1288 jussum·
603 1208 670 1266 Jam
695 1207 761 1266 ante
785 1209 816 1266 in
841 1227 876 1266 eo
897 1207 997 1284 religio
1011 1207 1140 1268 civitatis
1153 1222 1177 1260 ra

159 1301 338 1369 apparuerat,
360 1290 447 1366 qudd,
462 1309 551 1366 quum
574 1287 604 1346 in
628 1288 746 1364 publico
767 1289 882 1347 deesset
905 1305 1017 1354 aurum,
1032 1305 1141 1361 exque
1224 1307 1237 1344 ¹.

80 1437 84 1446 .
159 1390 274 1430 summa
286 1380 378 1447 pactae
392 1369 536 1428 mercedis
549 1367 640 1426 Gallis
654 1368 804 1436 confieret,
819 1385 836 1424 a
849 1365 987 1426 matronis
1001 1366 1140 1424 collatum

159 1460 343 1527 acceperant,
368 1461 399 1507 ut
422 1468 505 1507 sacro
526 1467 596 1506 auro
620 1447 820 1508 abstineretur.
869 1443 1013 1504 Muttonis
1039 1445 1139 1521 gratiae

160 1540 243 1603 actae,
264 1530 412 1604 honosque
437 1527 561 1596 additus,
576 1536 608 1584 ut
621 1546 731 1600 earum,
746 1527 822 1584 sicut
835 1525 973 1598 virorum,
988 1535 1052 1600 post
1064 1543 1140 1582 mor·

159 1619 218 1666 tem
237 1609 364 1666 solennis
384 1607 511 1666 laudatio
523 1616 609 1666 esset.
651 1606 692 1664 Iis
705 1606 841 1681 peractis,
854 1624 918 1680 quae
933 1607 969 1662 ad
984 1605 1064 1662 Deos
1076 1619 1140 1680 per·
1152 1617 1176 1657 15

159 1687 300 1759 tinebant,
315 1706 435 1763 quaeque
458 1703 509 1764 per
533 1695 666 1744 senatum
691 1686 738 1760 agi
761 1686 914 1761 poterant3
935 1693 996 1742 tum
1010 1685 1159 1751 demum,

123 1829 129 1838 ¹
161 1767 337 1843 agitantibus
350 1767 474 1826 tribunis
486 1765 601 1843 plebem
616 1763 738 1822 assiduis
758 1764 958 1837 concionibus,
973 1774 1015 1836 ut,
1029 1762 1141 1820 relictis

159 1847 267 1920 ruinis,
286 1847 317 1905 in
332 1846 431 1905 urbem
446 1858 584 1922 paratam,
599 1844 699 1920 Vejos,
714 1843 961 1919 transmigrarent,
977 1843 1007 1900 in
1022 1843 1141 1901 concio-

161 1945 238 1994 nem,
253 1927 387 1984 universo
400 1935 503 1984 senatu
526 1934 728 2001 prosequente,
741 1923 883 1991 escendit,
898 1933 983 1998 atque
997 1921 1038 1980 ita
1050 1921 1141 1980 verba

162 2004 250 2064 fecit:
668 2010 670 2013 '
725 2026 730 2034 ¹
1151 1989 1177 2030 ²⁰

201 2160 252 2220 LI.
288 2161 403 2219 “Adeb
430 2161 502 2220 mihi
525 2162 638 2221 acerbae
665 2172 743 2236 sunt,
769 2161 912 2235 Quirites,
939 2159 1142 2219 contentiones

163 2249 183 2278 “
194 2259 263 2299 cum
276 2241 399 2299 tribunis
413 2241 515 2316 plebis,
526 2251 559 2299 ut
571 2261 628 2300 nec
641 2241 796 2300 tristissimi
810 2241 902 2299 exsilii
914 2240 1047 2298 solatium
1062 2239 1142 2297 aliud

163 2322 182 2351 “
191 2320 352 2388 habuerim,
377 2321 471 2394 quoad
493 2320 600 2378 Ardeae
621 2320 689 2394 vixi,
713 2321 799 2396 quim
823 2317 900 2395 qubd
923 2317 1075 2394 proculab
1097 2317 1143 2374 his

163 2397 400 2456 “certaminibus
414 2418 510 2457 eram:
530 2410 560 2458 et
572 2399 610 2457 ob
623 2401 726 2458 eadem
741 2401 815 2471 haec,
829 2417 898 2471 non,
913 2399 997 2456 sime
1012 2395 1143 2455 senatds-

164 2479 326 2537 “consulto
351 2479 506 2555 populique
524 2479 607 2556 jussu
632 2478 816 2551 revocaretis,
843 2477 989 2536 rediturus
1015 2482 1178 2550 unquam2⁵

164 2566 184 2594 “
197 2557 308 2616 fuerim.
350 2558 417 2616 Nec
431 2577 511 2616 nunc
525 2577 581 2632 me,
596 2568 628 2616 ut
648 2557 783 2626 redirem,
795 2575 864 2614 mea
877 2557 1008 2614 voluntas
1022 2564 1142 2622 mutata,

141 2679 147 2686 -
164 2637 246 2696 “sed
260 2648 353 2696 vestra
367 2638 482 2696 fortuna
501 2637 643 2714 perpulit:
665 2636 780 2712 quippe,
803 2636 878 2694 utin
893 2637 946 2693 sua
961 2635 1029 2692 sede
1044 2651 1145 2692 mane·

165 2719 237 2775 “ret
263 2717 365 2794 patria,
388 2717 418 2775 id
441 2717 598 2792 agebatur3
620 2736 678 2775 non
704 2726 736 2774 ut
760 2735 814 2792 ego
837 2716 935 2790 utique
950 2714 979 2772 in
994 2713 1087 2792 patriis
1101 2731 1145 2770 es·

166 2804 186 2833 ‘⁴
198 2815 279 2853 sem:
300 2806 330 2855 et
351 2816 431 2854 nuuc
454 2796 634 2870 quiescerem
657 2815 692 2854 ac
712 2806 840 2854 tacerem
861 2794 993 2860 libenter,
1008 2793 1065 2850 nisi
1079 2793 1146 2849 haec

166 2883 185 2912 ‘⁶
197 2893 309 2960 quoque
322 2895 374 2950 pro
396 2875 488 2950 patriai
502 2875 650 2933 dimicatio
671 2885 768 2944 esset3
788 2874 838 2931 'cui
852 2874 963 2944 deesse,
977 2872 1071 2946 quoad
1086 2871 1181 2930 vita³⁰

166 2956 185 2985 “
197 2964 339 3030 suppetat,
354 2953 416 3011 aliis
430 2964 521 3030 turpe,
536 2954 660 3013 Camillo
673 2955 760 3013 etiam
779 2953 862 3012 nefas
875 2963 927 3010 est.
967 2950 1050 3012 Quid
1064 2950 1147 3007 enim

167 3031 386 3108 “repetiimusl
406 3033 476 3108 quid
497 3034 644 3092 obsessam
669 3053 706 3092 ex
729 3033 857 3092 hostium
881 3030 1015 3089 manibus
1039 3029 1147 3104 eripui·

167 3114 186 3142 “
198 3130 273 3179 mus,
288 3111 312 3169 si
334 3123 534 3190 recuperatam
559 3114 613 3190 ipsi
627 3114 807 3172 deserimus?
828 3122 857 3169 et
870 3130 969 3187 quum,
989 3109 1147 3166 victoribus

168 3197 188 3226 “
199 3190 300 3259 Gallis,
323 3193 408 3269 capta
428 3193 489 3251 tota
513 3193 595 3266 urbe,
619 3189 794 3268 Capitolium
818 3202 916 3250 tamen
941 3201 1025 3263 atque
1048 3206 1147 3245 arcem

169 3277 188 3306 ‘⁴
200 3269 306 3345 Diique
327 3282 356 3329 et
378 3272 510 3331 homines
533 3271 661 3329 Romani
682 3272 839 3339 tenuerint,
854 3268 1066 3335 habitaverint3
1087 3266 1183 3322 vic-35

169 3357 188 3386 “
200 3350 309 3408 toribus
331 3351 484 3425 Romanis,
506 3351 676 3426 recuperata
700 3351 781 3419 urbe,
797 3370 847 3407 arx
860 3368 973 3425 quoque
988 3358 1017 3404 et
1031 3345 1149 3421 Capito-

169 3430 271 3488 “lium
296 3432 443 3490 deseretur
456 3433 467 3486 l
489 3440 518 3487 et
541 3429 606 3505 plus
619 3429 758 3488 vastitatis
776 3429 843 3487 huic
857 3429 922 3486 urbi
936 3427 1066 3484 secunda
1079 3443 1147 3482 nos-

169 3517 189 3546 “
200 3517 245 3568 tra
258 3510 371 3568 fortuna
392 3510 488 3583 faciet,
500 3508 587 3584 quam
602 3508 827 3579 adversaufecitl
869 3507 1024 3583 Equidem,
1049 3504 1073 3562 si
1097 3522 1149 3561 no-

169 3593 188 3622 “
200 3590 245 3648 bis
259 3609 326 3648 cum
341 3589 411 3647 urbe
423 3588 506 3647 simul
518 3589 617 3664 positae
632 3589 799 3665 traditaeque
810 3607 862 3664 per
875 3607 979 3644 manus
993 3584 1151 3660 religiones

140 3729 143 3738 ,
169 3670 286 3728 “nullae
301 3679 406 3741 essent,
431 3679 530 3726 tamen
554 3679 612 3726 tam
636 3668 755 3726 evidens
773 3686 883 3726 numen
898 3667 954 3724 bac
977 3670 1186 3738 tempestates

6 3781 7 3798 ι
103 3779 104 3784 1
169 3748 284 3807 “rebus
299 3747 379 3804 affuit
402 3746 554 3815 Romanis,
569 3757 602 3812 ut
623 3766 740 3804 omnem
762 3745 970 3823 negligentiam
985 3741 1074 3800 divini
1089 3741 1153 3799 cul-

171 3835 190 3869 “
202 3829 247 3910 tiis
260 3835 423 3906 exemptam
435 3825 609 3887 *hominibus
622 3836 730 3908 putem.
771 3825 933 3886 Intuemini
947 3823 1025 3882 enim
1047 3823 1152 3880 horum

281 3921 334 3942 st-r
