2556 4314
432 302 438 308 ·
469 263 574 330 LIBER
590 277 639 328 111.
653 290 720 336 css.
736 291 832 328 xxm.
1102 275 1144 336 83

172 423 190 453 “
199 437 314 496 cogere,
329 431 359 478 et
371 419 483 496 vulgari
497 439 565 480 cum
577 420 706 496 privatis,
728 440 788 480 non
801 431 860 480 tam
872 418 1049 511 properantis
1062 418 1143 479 abire

171 500 382 576 “magistratu
406 500 493 575 quam
521 499 597 560 viam
621 501 658 558 ad
692 500 921 560 continuandum
947 499 1143 576 magistratum

171 580 369 670 “qnaerentis,
391 581 485 637 ιιεε.”
525 575 677 655 Propalam
690 578 833 639 οιιιιιιι
825 598 867 638 rre
880 579 1143 671 cupiditatiparum

169 659 244 732 ausi,
258 658 489 717 obsecundando
509 659 621 722 mollire
645 659 795 750 impetum
811 659 1037 748 aggrediuntur:
1057 659 1145 718 corni-

61 748 63 752 '
89 799 91 804 ,
144 739 278 801 suorum
292 725 396 797 illi*
356 739 564 812 habendorum,
588 738 704 813 quando
724 738 875 800 minimus
887 748 957 796 natu
971 738 1017 806 sit,
1039 756 1146 796 munus

168 837 318 878 consensu
338 818 501 894 injungunt.
542 818 601 874 Ars
625 819 689 876 haec
710 828 781 887 erat,
796 836 835 876 ne
858 827 951 876 semet
970 817 1032 893 ipse
1046 835 1146 876 creare

167 908 291 974 possete
308 897 382 973 quod
396 907 498 973 prater
521 896 652 955 tribunos
675 896 767 973 plebis
792 897 836 974 (et
856 897 995 974 idipsum
1019 896 1146 972 pessimo

167 977 314 1055 exemplo)
328 995 415 1034 nemo
428 995 554 1052 unquam
574 976 699 1035 fecisset.
740 976 794 1035 Ille
807 977 955 1036 enimuero
957 977 1055 1051 q,uod
1070 977 1145 1035 bene

169 1065 269 1123 vertat,
283 1056 470 1117 habiturum·
464 1074 504 1114 se
527 1055 646 1114 comitia
668 1054 823 1132 professus,
838 1023 1079 1133 impedimentum
1092 1073 1146 1132 pro

132 1149 161 1190 ro
169 1153 320 1197 occasione
344 1135 483 1211 arripuit:
504 1134 682 1212 dejectisque
703 1136 838 1196 honore
832 1155 884 1213 per
904 1135 1058 1196 coitionem
1072 1135 1144 1194 duo·

102 1285 108 1296 .
170 1215 223 1272 bus
242 1214 382 1288 Quintiis,
407 1215 571 1306 Capitolino
594 1225 624 1273 et
647 1215 834 1285 Cincinnato,
856 1226 887 1274 et
909 1225 1011 1292 patruo
1031 1213 1140 1273 suoC.

169 1293 300 1367 Claudio,
324 1294 557 1353 constantissimo
579 1295 641 1354 viro
663 1295 694 1354 iu
718 1295 899 1372 optimatium
920 1313 1019 1362 causa,
1034 1305 1065 1352 et
1078 1293 1143 1352 eliis

168 1373 298 1450 ejusdem
321 1373 427 1450 fastigii
450 1374 573 1447 civibus,
593 1375 775 1465 nequisquam
796 1375 948 1451 splendore
971 1375 1037 1433 vitae
1057 1390 1143 1451 pares

168 1453 347 1511 decemviros
368 1461 467 1522 creat3
497 1471 528 1510 se
542 1453 580 1510 in
603 1454 712 1528 primis,
736 1455 819 1528 quod
834 1455 911 1511 haud
932 1472 1018 1513 secus
1032 1453 1141 1512 factum

130 1531 369 1620 rsimproba'bant
391 1531 471 1598 boni,
493 1529 580 1605 quam
601 1550 688 1588 nemo
710 1532 808 1589 facere
820 1552 956 1590 ausurum
970 1533 1141 1590 crediderat.

166 1594 310 1667 Creatr
284 1629 351 1666 curu
365 1629 400 1667 eo
413 1609 456 1666 M.
471 1609 625 1667 Cornelius
648 1609 869 1684 Maluginensis,
895 1609 937 1666 M.
963 1611 1092 1686 Sergius,
1107 1609 1142 1667 L.

166 1687 331 1762 Minucius,
346 1687 386 1774 Q
402 1687 511 1746 Fabius
533 1687 704 1756 Vibulanus,
726 1687 767 1748 Q.
782 1688 929 1762 Poetelius,
943 1689 982 1746 T.
996 1687 1144 1746 Antonius

166 1765 321 1904 {ferenda
347 1759 442 1826 caeso
468 1765 595 1840 Duilius,
622 1769 672 1844 Sp.
699 1765 812 1844 Oppius
844 1735 1002 1836 Cornicen,
1025 1767 1144 1828 Manius

199 1846 339 1923 abulejus

128 2017 157 2058 eo
209 2003 356 2063 XXXVI
378 2003 431 2062 Ille
454 2003 521 2063 finis
543 2004 639 2082 Appio
662 2003 764 2063 aliena
777 2023 908 2082 personae
927 2005 1052 2066 ferenda
1066 2006 1140 2068 fuit:

166 2103 222 2143 suo
243 2084 303 2161 jam
317 2083 385 2141 iude
405 2083 498 2142 vivere
512 2084 631 2176 ingenio
653 2085 751 2162 coepit,
773 2104 918 2162 novosque
943 2087 1089 2164 collegas
1079 2107 1140 2164 Jam

102 2162 105 2168 ’
166 2165 254 2241 pride,
280 2163 365 2238 quam
385 2163 492 2222 inirent
513 2164 721 2254 magistratum,
745 2164 777 2222 in
800 2184 868 2224 suos
888 2185 983 2224 mores
1006 2167 1140 2226 formare.

166 2241 308 2304 Quotidie
328 2243 446 2314 coibant
468 2243 585 2302 remotis
604 2244 739 2302 arbitris:
773 2244 842 2303 inde
866 2245 1104 2322 ιιιιρριιιιιιιιιιιε“
1096 2264 1141 2304 ιιι-

166 2321 267 2380 structi
282 2322 418 2392 consiliis,
434 2342 498 2399 qua
519 2321 630 2384 secretd
653 2324 689 2381 ab
711 2323 774 2382 aliis
794 2325 990 2400 coquebant,
980 2345 1040 2402 Jam
1061 2325 1140 2383 haud

128 2417 155 2458 ιι
166 2402 373 2460 dissimulando
387 2366 562 2479 stiperbiam,
574 2403 630 2459 rari
645 2402 739 2460 aditds
739 2402 986 2478 ‚colloquentibus
997 2403 1139 2478 difficiles,

165 2481 287 2560 adeus
307 2479 402 2558 Majas
426 2490 488 2540 rem
508 2482 676 2557 perduxere.
708 2449 799 2538 I'dus
821 2492 884 2539 tum
905 2481 992 2558 Majae
1007 2451 1141 2541 solennes

129 2539 300 2620 ineundis
332 2560 549 2638 magistratibus
583 2568 673 2617 erant.
727 2558 815 2616 Initio
847 2559 934 2648 igitur
960 2559 1143 2635 magistratus

129 2581 289 2740 {primum
312 2640 431 2702 honoris
455 2639 534 2697 diem
560 2637 778 2714 denuntiatione
805 2637 932 2714 ingentis
958 2637 1130 2698 terrorism

134 2711 279 2797 {signem
309 2722 427 2780 fecere:
462 2736 542 2786 nam,
577 2737 666 2792 quum
700 2716 741 2776 ita
766 2717 875 2793 priores
901 2717 1058 2776 decemviri
1084 2738 1142 2778 ser·

163 2799 290 2874 sissent,
317 2811 350 2859 ut
372 2817 449 2858 unus
474 2797 567 2857 fasces
593 2798 723 2870 haberet,
749 2808 779 2854 et
805 2796 895 2856 hoc
886 2797 1001 2890 insigne
1027 2798 1140 2876 regium

127 2851 196 2940 {in
217 2878 328 2956 orbem,
350 2898 432 2938 suam
456 2879 596 2956 cujusque
623 2877 727 2950 vicem,
754 2894 805 2952 per
830 2895 931 2936 omnes
952 2877 1016 2952 iret,
1043 2879 1139 2939 subito

132 2971 146 2998 ⁰
140 2977 269 3023 omnes
290 2977 358 3016 cum
378 2959 519 3016 duodenis
543 2956 671 3016 fascibus
692 2923 832 3034 prodiere.
887 2924 1016 3017 Centum,
1037 2958 1138 3036 viginti

126 3012 285 3097 &lictores
311 3037 403 3096 forum
429 3038 626 3128 impleverant,
652 3046 683 3094 et
709 3036 836 3095 fascibus
869 3055 986 3096 secures
1014 3037 1147 3117 illigatas,

19 3109 23 3122 ¹
161 3116 375 3194 praeferebant:
408 3136 467 3176 nec
499 3117 650 3178 attinuisse
683 3116 761 3175 demi
792 3117 926 3192 securim,
956 3137 1045 3192 quum
1074 3120 1138 3182 eine

125 3199 366 3274 aprovooattone
390 3198 481 3256 creati
504 3207 612 3266 essent,
634 3194 905 3272 interpretabantur.
956 3197 1070 3258 Decem
1093 3219 1138 3262 re·

106 3327 109 3336 .
162 3295 233 3354 gum
248 3278 361 3354 species
374 3287 445 3345 erat,
457 3276 719 3367 multiplicatusque
733 3286 833 3344 terror,
845 3295 903 3335 non
915 3276 1022 3337 infimis
1035 3280 1137 3372 solim,

162 3357 215 3414 sed
229 3357 404 3434 primoribus
427 3356 554 3424 Patrum,
576 3356 645 3414 ratis
668 3355 756 3414 caedis
782 3373 900 3414 causam
914 3375 949 3416 ac
962 3359 1137 3448 principium

160 3437 273 3512 quaeri:
294 3446 337 3509 ut,
351 3436 376 3493 si
397 3435 462 3510 quis
482 3453 639 3494 memorem
659 3435 799 3494 libertatis
812 3454 912 3494 vocem
927 3437 1019 3502 autin
1035 3448 1137 3496 senatu

160 3515 259 3574 autin
284 3515 390 3596 populo
414 3514 547 3584 misisset,
572 3515 669 3573 statim
692 3515 781 3592 virgae
805 3533 979 3591 securesque
998 3512 1137 3573 etiamad

122 3605 335 3654 rocaeterorum
358 3609 467 3652 metum
488 3595 702 3670 expedirentur.
743 3594 833 3662 Nam,
856 3605 1046 3684 preterquam
1059 3587 1137 3662 qudd

160 3675 192 3733 in
205 3676 312 3752 populo
326 3674 399 3732 nihil
413 3683 474 3733 erat
494 3673 758 3751 praenumerata
774 3673 986 3757 provocatione,
1001 3668 1139 3724 interces-

159 3755 273 3814 sionem
293 3771 407 3832 quoque
428 3772 572 3814 consensu
586 3753 778 3821 sustulerant;
798 3746 1009 3823 quampriores
1023 3743 1138 3804 decem-
