2556 4314
361 384 365 392 ι
464 311 596 406 ΙίΙΒΕΒ
612 319 657 370 tv.
677 331 741 368 eu.
758 332 803 367 111.
1071 319 1130 380 107

155 467 174 495 ‘⁴
184 461 283 522 omnia
296 479 358 522 non
370 461 515 533 m'uiorem
528 462 559 520 in
580 479 612 520 se
625 461 752 538 plebem,
773 459 825 518 sed
839 461 1010 540 asperiorem
1023 461 1080 522 alia
1092 481 1130 522 ex

155 551 174 580 ‘⁶
186 542 250 600 aliis
275 541 420 621 iniquiora
439 541 622 621 postulando,
636 558 726 615 quum
746 538 838 615 prima
851 538 1040 615 impetrmser,
1054 541 1131 602 futu·

154 631 174 658 ‘⁶
185 640 259 694 ram,
267 620 360 698 primo
374 621 532 696 quamlibet
544 619 761 698 dimicationem
772 617 915 676 subituros
926 618 1012 678 fuisse
1025 621 1129 696 potius,

154 709 174 738 ‘⁶
186 701 275 777 quam
289 719 339 758 eas
349 701 429 776 leges
438 700 493 758 sibi
504 699 613 776 imponi
630 707 806 773 paterentur.
845 695 1001 760 Quietum
1016 717 1133 760 conoes-

128 781 143 820 ⁵
154 788 251 839 “sum
264 779 302 838 sit
315 779 352 838 de
365 779 500 847 tribunis,
508 779 613 836 iterum
621 793 794 835 concessum
803 794 876 833 esse.
898 776 1002 834 Finem
1011 796 1071 836 non
1084 777 1133 838 ne-
1203 794 1213 802 ·

123 869 127 877 '
152 859 212 917 “ri
226 879 231 916 :
253 877 311 916 non
321 859 405 934 posse
415 857 446 916 iu
455 859 558 915 eadem
568 857 684 916 civitate
692 855 823 913 tribunos
833 854 926 931 plebis
936 865 966 915 et
979 855 1080 916 Patres
1089 875 1134 917 es·

117 928 123 936 ’
153 941 219 996 “se
232 957 238 994 :
253 948 302 994 aut
310 939 390 995 hunc
398 936 540 1010 ordinem,
548 946 598 993 aut
608 933 691 993 illum
699 934 907 1010 magistratum,
916 934 1077 1004 tollendum
1090 955 1134 996 es·

154 1025 174 1052 ‘⁶
186 1034 237 1074 se:
258 1015 412 1092 potiusque
427 1013 500 1088 sero,
515 1012 601 1090 quam
612 1031 763 1089 nunquam
776 1012 890 1072 obviam
903 1015 1034 1081 eundum
1048 1016 1135 1074 auda·

154 1097 174 1125 “
185 1094 238 1156 ciae
247 1094 466 1168 temeritatique.
488 1093 574 1152 Illine
586 1103 618 1150 ut
631 1093 748 1168 impune
760 1091 852 1168 primo
863 1091 1023 1152 discordias
1033 1113 1132 1152 seren-

118 1181 145 1221 10
156 1182 175 1211 “
186 1166 230 1232 te's
243 1174 392 1232 concitent
415 1171 539 1232 finitima
551 1172 637 1240 bella,
648 1171 756 1230 deinde
770 1171 907 1229 adversus
924 1190 970 1240 ea,
984 1191 1047 1248 quae
1062 1192 1132 1232 con-

156 1255 175 1284 “
187 1253 347 1326 citaverint,
373 1251 477 1310 armari
502 1251 649 1310 civitatem
670 1250 845 1325 defendique
867 1251 1063 1326 prohibeant?
1091 1264 1132 1323 et,

156 1340 176 1368 ‘⁶
185 1328 272 1407 quum
290 1333 386 1390 hostes
399 1330 512 1388 tanturn
535 1350 596 1389 non
614 1329 807 1402 arcessierint,
828 1330 973 1388 exercitus
986 1332 1132 1391 conscribi

156 1412 175 1442 “
188 1412 323 1469 adversus
334 1413 431 1470 hostes
439 1429 498 1468 non
509 1410 654 1486 patiantur
665 1410 678 1466 l
693 1409 752 1485 Sed
761 1408 866 1466 audeat
876 1408 1035 1488 Canuleius
1045 1411 1076 1468 in
1087 1430 1132 1475 se-

156 1493 175 1520 “
184 1500 255 1548 natu
268 1490 407 1567 proloqui,
418 1509 460 1558 se,
468 1489 525 1546 nisi
546 1509 613 1547 snas
626 1489 717 1566 leges,
731 1498 877 1563 tamquam
890 1488 1016 1562 victoris,
1030 1488 1132 1549 Patres

119 1576 145 1614 ¹⁵
155 1571 175 1599 “
187 1570 282 1645 accipi
291 1570 397 1642 sinaut,
408 1569 554 1626 delectum
568 1568 671 1626 haberi
682 1567 892 1644 prohibiturum
904 1585 912 1622 r
926 1567 1067 1642 quidesse
1082 1569 1132 1628 ali·

66 1643 68 1648 ’
155 1655 175 1683 “
188 1649 240 1720 ud,
251 1649 338 1722 quam
351 1648 466 1715 minari,
481 1667 511 1705 se
524 1647 702 1722 proditurum
713 1645 855 1724 patriam!
876 1647 1036 1722 oppugnari
1046 1656 1132 1723 atque

154 1729 175 1756 “
187 1727 253 1801 capi
264 1745 415 1802 passurum
428 1728 439 1782 l
461 1726 529 1801 quid
540 1745 604 1785 eam
612 1745 712 1788 vocem
727 1724 899 1791 animorum,
911 1743 970 1782 non
981 1724 1057 1800 plebi
1073 1726 1133 1786 Ro·

155 1808 175 1836 “
186 1823 291 1878 manae,
303 1806 355 1864 sed
366 1805 480 1866 Volscis
493 1815 522 1862 et
531 1805 633 1881 AEquis
644 1816 673 1863 et
683 1803 857 1881 Vejentibus
870 1803 1030 1861 allaturam.
1051 1805 1133 1864 Non·

156 1887 175 1914 “
186 1903 234 1959 ne,
249 1884 391 1960 Canulejo
410 1884 495 1952 duce,
513 1903 544 1943 se
563 1895 724 1960 speraturos
741 1883 917 1958 Capitolium
936 1892 1024 1958 etque
1035 1902 1133 1942 arcem
1155 1917 1166 1924 -ν

118 1966 176 2012 ‘20¹‘
188 1964 329 2021 scandere
348 1981 443 2038 posse,
457 1963 481 2020 si
492 1963 626 2020 Patribus
644 1962 761 2030 tribuni,
776 1980 844 2020 curn
855 1963 920 2038 jure
935 1980 970 2020 ao
983 1962 1132 2039 majestate

158 2051 177 2078 ⁶⁶
189 2043 335 2116 adempte,
349 2041 463 2100 animos
472 2041 560 2100 etiam
573 2041 731 2119 eripuerint
743 2043 754 2096 l
782 2040 926 2099 Consules
938 2051 1052 2117 paratos
1066 2060 1132 2102 esse

158 2122 278 2179 “duces
291 2119 367 2196 pride
380 2120 624 2188 adversusscelus
634 2120 753 2194 civium,
761 2120 847 2196 quam
859 2121 996 2181 adversus
1007 2121 1132 2182 hostium

158 2210 176 2236 ⁶⁶
187 2199 298 2258 arma.”

170 2363 173 2370 “
197 2355 254 2414 III.
274 2355 376 2434 Quum
399 2356 524 2414 maxime
548 2357 613 2415 haec
625 2356 658 2415 in
672 2366 774 2415 senatu
794 2325 959 2434 agerentur,
973 2358 1133 2436 Canulejus

18 2439 26 2507 ζ
118 2447 144 2488 as
155 2455 206 2514 pro
216 2437 328 2514 legibus
341 2435 402 2493 suis
422 2447 452 2494 et
465 2436 601 2493 adversus
622 2435 756 2493 consules
768 2435 809 2493 ita
822 2436 975 2494 disseruit:
999 2446 1018 2473 ⁶⁶
1028 2437 1133 2498 Quan-

156 2520 175 2548 ‘⁶
184 2529 281 2592 topere
295 2534 355 2588 vos,
368 2514 512 2587 Quirites,
536 2523 756 2572 contemnerent
775 2513 886 2581 Patres,
899 2514 985 2589 quim
999 2515 1134 2591 indignos

158 2605 176 2631 ⁶⁶
187 2595 339 2662 ducerent,
354 2594 404 2668 qui
426 2593 485 2650 une
498 2605 600 2650 secum
613 2593 685 2649 urbe
703 2592 778 2650 intra
791 2593 894 2649 eadem
907 2591 1016 2670 muenia
1027 2593 1134 2652 vivere·

157 2685 176 2710 ⁶⁶
188 2675 234 2742 tis,
249 2693 325 2751 saepe
351 2672 487 2747 equidem
511 2681 541 2728 et
562 2671 629 2729 ante
650 2670 749 2730 videor
771 2669 1026 2732 animadvertisse:
1054 2689 1134 2730 nunc

157 2758 176 2784 “
188 2763 285 2811 tamen
309 2751 446 2819 maxime,
460 2748 538 2826 qudd
560 2748 633 2807 adeo
656 2759 769 2808 atroces
782 2749 813 2807 iu
827 2751 880 2806 has
893 2749 1055 2824 rogationes
1068 2770 1135 2811 nos·

15 2835 36 2882 .’
119 2847 146 2886 ao
158 2837 176 2864 ‘⁶
188 2842 247 2890 tras
261 2833 351 2891 coorti
375 2841 457 2901 sunt3
479 2828 584 2905 quibus
604 2828 675 2904 quid
688 2829 766 2887 aliud
780 2827 865 2905 qnam
879 2829 1078 2906 admonemus,
1092 2831 1134 2891 ci-

157 2921 176 2949 ‘⁶
189 2930 240 2968 ves
253 2931 306 2970 nos
328 2929 427 2968 eorum
450 2927 525 2982 esse,
539 2918 578 2977 et,
593 2909 618 2967 si
640 2927 699 2966 non
713 2908 830 2968 easdem
843 2925 912 2985 opes
926 2909 1042 2979 habere,
1057 2930 1134 2971 eam·

156 3001 176 3061 ⁶⁶
189 2990 259 3046 dem
273 2999 369 3046 tamen
383 2987 503 3064 patriam
516 2987 665 3047 incoleret
691 2988 792 3046 Altera
806 2988 984 3046 connubium
998 2991 1132 3067 petimus,

157 3069 265 3143 “quod
289 3067 419 3129 finitimis
438 3068 619 3143 externisque
641 3068 703 3126 dari
717 3068 808 3127 solet:
830 3086 883 3141 nos
897 3068 1014 3144 quidem
1034 3071 1134 3131 civita·

157 3152 176 3179 “
186 3157 257 3220 tem,
272 3166 334 3222 quae
347 3146 511 3225 plusquam
525 3147 705 3216 connubium
728 3157 782 3228 est,
796 3148 926 3206 hostibus
947 3148 1034 3208 etiam
1048 3151 1133 3210 victis

118 3248 145 3288 aa
157 3231 176 3258 “
188 3227 329 3286 dedimus.
372 3227 473 3286 Altera
494 3227 565 3285 nihil
587 3227 654 3286 novi
669 3225 787 3285 ferimus
795 3247 804 3297 ;
824 3228 876 3285 sed
890 3227 931 3302 id,
945 3229 1022 3303 quod
1034 3224 1132 3308 populi

157 3317 177 3343 ⁶⁶
189 3316 242 3379 est,
256 3307 414 3383 repetimus
427 3317 512 3382 atque
536 3324 708 3383 usurpamus
716 3326 723 3377 ;
745 3316 787 3375 ut,
801 3307 905 3382 quibus
919 3308 997 3376 velit,
1010 3310 1133 3388 populus

157 3389 176 3417 ‘⁶
187 3385 343 3443 Romanus
351 3386 479 3443 honores
492 3386 619 3442 mandet.
658 3384 741 3447 Quid
761 3386 879 3444 tandem
892 3397 946 3455 est,
961 3407 1013 3446 cur
1026 3389 1133 3448 coelum

156 3472 176 3500 ⁶‘
189 3481 225 3520 ac
238 3474 330 3522 terras
341 3463 501 3533 misceant;
523 3483 575 3524 cur
595 3464 627 3522 in
649 3483 697 3522 me
712 3465 835 3540 impetus
848 3465 934 3524 modo
947 3485 1030 3542 paene
1045 3467 1076 3522 in
1090 3482 1133 3520 se·

154 3547 175 3574 ‘⁶
185 3551 257 3600 natu
271 3542 308 3599 sit
322 3543 437 3600 sactusl
458 3552 566 3619 negent
589 3561 621 3602 se
635 3543 769 3602 manibus
780 3554 1000 3621 temperaturos,
1015 3542 1133 3599 violatu·

116 3639 145 3678 ao
156 3631 176 3659 ⁶⁶
189 3638 292 3696 rosque
316 3619 489 3679 denuntient
512 3632 724 3680 sacrosanctam
744 3624 939 3699 potestateml
982 3620 1014 3676 Si
1027 3615 1133 3692 populo

157 3710 177 3738 ‘⁶
189 3699 326 3760 Romano
339 3699 462 3758 liberum
475 3700 643 3778 suffragium
656 3701 750 3775 datur,
764 3711 806 3768 ut,
820 3700 924 3775 quibus
932 3695 1015 3782 'velit
1029 3710 1133 3784 consuf

156 3783 176 3812 ‘⁶
187 3778 277 3840 latum
298 3779 427 3850 mandet,
441 3790 472 3838 et
491 3798 550 3839 non
573 3778 739 3857 praeoiditur
760 3796 826 3854 spes
845 3775 958 3852 plebeio
971 3787 1093 3846 quoque,
1108 3790 1133 3831 ⁸1
