2556 4314
389 316 391 320 ⁷
491 277 604 348 ,traua
620 280 641 332 1.
666 293 728 332 aas.
750 294 824 331 xnvr.
885 271 887 274 ’
1112 284 1153 344 43

214 417 309 480 XLV.
331 420 432 478 Aucta
452 420 567 480 civitate
588 422 787 498 magnitudine
808 423 897 491 urbis,
919 423 1152 486 formatisomni·

176 498 231 557 bus
244 501 322 558 domi
337 510 367 556 et
388 501 425 556 ad
438 499 508 557 belli
521 512 550 558 et
568 503 605 558 ad
618 502 699 576 pacis
712 521 790 574 usus,
804 521 842 558 ne
857 517 967 578 semper
982 501 1067 562 armis
1079 524 1150 581 opes

175 580 406 654 acquirerentur,
421 579 543 637 oonsilio
565 598 672 655 augere
695 579 846 655 imperium
865 591 986 639 conatus
998 593 1050 656 est,
1064 585 1148 642 simul

175 667 206 715 et
220 658 338 732 aliquod
353 658 460 716 addere
474 657 538 714 urbi
562 658 661 716 decus.
703 658 770 715 Jam
794 671 855 716 tum
869 669 931 717 erat
950 661 1088 735 inclytum
1101 663 1152 721 Di·

152 749 242 793 aanm
254 736 387 811 Ephesiae
401 736 517 794 fanum:
538 736 568 793 id
582 735 774 802 communiter
789 757 807 794 a
824 737 988 808 civitatibus
1002 741 1080 796 Asiae
1094 741 1152 800 lac·

174 826 240 872 tum
255 815 469 874 samaferebat.v
500 813 602 875 Quum
627 823 801 872 consensum
825 815 960 892 Deosque
973 819 1153 878 consociatos

174 893 308 951 laudaret
321 893 392 950 mire
407 892 524 954 Seruius
534 893 612 949 inter
620 912 760 969 'proceres
773 893 954 969 Latinorum,
968 916 1036 954 cum
1046 899 1153 972 'quibus

172 970 294 1046 publice
305 972 495 1046 privatimque.
508 972 631 1046 hospitia
652 972 851 1047 amicitiasque
865 973 902 1030 de
916 975 1057 1034 industria
1068 978 1153 1053 junx·

174 1059 254 1118 erat,·
276 1069 351 1124 saepe
372 1050 504 1112 iterando
528 1050 640 1123 eadem,
665 1051 790 1126 perpulit
803 1053 931 1120 tandem,
946 1064 978 1111 ut
991 1055 1097 1113 Roma
1111 1057 1151 1116 sa-

138 1143 244 1184 ranum
265 1127 368 1185 Dianae
391 1129 489 1203 populi
512 1128 611 1186 Latini
635 1147 703 1198 cum
725 1129 829 1205 populo
852 1131 989 1190 Romano
1010 1133 1149 1194 lacerent.

174 1206 219 1263 Ea
232 1218 292 1263 erat
306 1207 460 1279 confessio,
475 1217 563 1282 caput
586 1227 682 1266 rerum
696 1203 824 1266 Romam
837 1228 922 1279 esse3
943 1211 980 1288 de
993 1231 1049 1286 quo
1063 1215 1152 1272 toties

173 1285 261 1342 armis
274 1295 416 1342 certatum
427 1285 529 1342 fuerat.
571 1285 607 1344 Id
628 1305 800 1361 quamquam
815 1288 951 1347 omissum
964 1291 1025 1366 jam
1038 1311 1076 1350 ex
1088 1313 1149 1350 om·

173 1363 254 1422 nium
269 1367 338 1421 cura
352 1359 531 1432 Latinorum,
545 1366 583 1423 ob
608 1383 668 1422 rem
683 1367 767 1423 toties
781 1366 936 1426 infeliciter
950 1379 1092 1428 tentatam
1105 1391 1149 1430 ar·

172 1442 237 1514 mis,
251 1442 400 1500 videbatur
412 1463 420 1512 ;
433 1443 492 1499 ,uni
514 1462 545 1500 se
569 1463 606 1500 ex
620 1443 737 1502 Sabinis
751 1445 809 1503 sors
822 1447 891 1503 dare
906 1448 966 1506 visa
979 1460 1024 1506 est
1036 1451 1148 1524 privato

134 1536 162 1575 15
171 1521 293 1579 consilio
307 1521 420 1595 imperii
444 1523 642 1596 recuperandi.
683 1523 743 1580 Bos
765 1525 795 1580 in
818 1525 934 1582 Sabinis
947 1538 1017 1584 nata
1029 1529 1147 1587 cuidam

169 1599 364 1674 patrifamiliae
379 1599 494 1672 dicitur,
509 1599 638 1656 miranda
651 1601 851 1676 magnitudine
876 1621 910 1660 ac
926 1606 1032 1679 specie.
1074 1607 1148 1666 Fixa

169 1677 344 1752 permultas
358 1686 457 1734 aetates
470 1696 580 1734 cornua
603 1678 633 1734 iri
654 1679 795 1736 vestibulo
814 1681 915 1754 templi
932 1683 1035 1739 Diana
1048 1703 1148 1743 monu-

170 1765 304 1813 mentum
327 1755 354 1812 ei
379 1755 459 1812 fuere
483 1756 631 1814 miraculo.
672 1757 791 1824 Habita,
806 1767 838 1814 ut
861 1769 931 1826 erat,
956 1779 1003 1817 res
1025 1763 1148 1839 prodigii

170 1835 237 1892 loco
250 1843 314 1890 est:
337 1844 366 1891 et
380 1833 517 1892 cecinere
532 1845 620 1902 vates,
636 1835 720 1910 cujus
741 1835 865 1893 civitatis
878 1856 942 1896 eam
960 1839 1031 1896 civis
1044 1840 1148 1900 Dianae

35 1918 38 1922 ’
133 1936 162 1975 so
174 1912 359 1984 immolasset,
373 1912 413 1968 ibi
428 1911 489 1970 fore
502 1913 675 1988 imperium3
696 1914 782 1988 idque
796 1933 913 1972 carmen
927 1931 1096 1993 pervenerat
1109 1922 1146 1978 ad

174 1991 332 2049 antistitem
354 1990 414 2047 sani
438 1990 550 2048 Dianae.
593 1992 729 2065 Sabinus,
744 2003 775 2050 ut
797 1994 890 2068 prima
903 2006 969 2071 apta
982 1997 1044 2054 dies
1058 2000 1145 2056 sacri-

173 2070 242 2128 ficio
256 2069 316 2126 visa
329 2079 381 2137 est,
396 2069 498 2126 bovem
522 2070 647 2127 Romam
669 2081 763 2129 actam
778 2072 897 2130 deducit
910 2075 947 2131 ad
963 2071 1062 2137 fanum
1077 2077 1146 2136 Dia·

174 2168 229 2222 nar,
254 2157 284 2206 at
307 2157 373 2204 ante
397 2167 476 2205 aram
500 2149 605 2207 statuit.
656 2149 703 2206 Ibi
727 2151 846 2208 antistes
869 2152 1032 2227 Romanus,
1056 2173 1145 2230 quum

174 2247 241 2285 eum
261 2227 430 2302 magnitudo
453 2227 576 2284 victimae
600 2228 746 2286 celebrata
769 2229 845 2286 lamb
868 2232 1012 2301 movisset,
1035 2253 1144 2292 memor

134 2306 313 2380 saresponsi,
328 2305 469 2363 Sabinum
492 2306 533 2363 ita
556 2307 726 2381 alloquitur:
759 2308 940 2370 “Quidnam
962 2322 1003 2379 tu,
1028 2313 1144 2388 hospes,

176 2395 195 2422 ‘⁶
207 2403 288 2459 paras
301 2386 338 2440 ’.μ’
366 2385 469 2459 inquit,
505 2394 524 2421 “
539 2385 648 2443 inceste
683 2385 988 2446 sacrificium'Dianae
1019 2390 1142 2448 sacerel

175 2463 285 2526 “Quin
299 2473 330 2521 tu
344 2462 412 2520 ante
427 2463 490 2520 vivo
503 2464 685 2538 perfunderis
697 2464 816 2530 flumine
829 2469 840 2521 l
862 2466 967 2523 Infima
988 2469 1060 2524 velle
1073 2489 1145 2544 prae-

176 2552 195 2580 “
207 2542 275 2599 fluit·
293 2540 440 2599 Tiberis.’'
490 2542 647 2616 Religione
671 2552 765 2598 tectus
787 2544 899 2617 hospes,
921 2544 971 2616 qui
991 2546 1098 2617 omnia,
1112 2557 1145 2605 ut

171 2619 302 2698 prodigio
315 2621 503 2696 responderet
516 2630 646 2686 eventus,
661 2630 780 2695 cuperet
793 2619 846 2676 rite
871 2621 957 2693 sacta,
980 2640 1016 2677 ex
1040 2623 1146 2698 templo

135 2699 323 2764 adescendit
337 2699 374 2756 ad
399 2697 541 2756 Tiberim.
582 2697 698 2754 Interea
720 2697 872 2758 Romanus
893 2698 1021 2757 immolat
1040 2698 1144 2760 Diana

174 2779 273 2838 bovem
287 2799 293 2836 :
314 2779 344 2835 id
358 2777 430 2835 mire
444 2787 558 2854 gratum
571 2776 633 2853 regi
647 2786 732 2852 atque
747 2776 856 2834 civitati
870 2777 931 2835 tuit.
1016 2793 1022 2796 ·

212 2936 324 2993 XLVI.
347 2936 473 3003 Servius,
487 2953 658 3010 quamquam
679 2933 738 3011 jam
763 2954 817 2993 usu
842 2936 921 2994 haud
940 2937 1060 2997 dubium
1080 2960 1144 3018 reg·

171 3033 246 3072 nam
258 3014 431 3088 possederat,
442 3025 549 3081 tamen,
561 3013 628 3089 quia
640 3013 785 3071 interdum
795 3015 898 3090 jactari
910 3035 994 3074 voces
1008 3037 1025 3075 a
1035 3019 1145 3094 juvene

172 3092 335 3166 Tarquinio
347 3092 489 3165 audiebat,
498 3112 529 3150 se
538 3093 649 3168 injussu
656 3093 754 3168 populi
765 3112 896 3170 regnare,
904 3096 1057 3163 conciliata
1063 3097 1142 3173 priris

135 3170 317 3230 aavoluntate
339 3171 440 3246 plebis,
462 3190 532 3248 agro
554 3181 638 3246 capto
664 3191 700 3228 ex
713 3172 842 3230 hostibus
855 3173 961 3244 viritim
972 3175 1072 3243 diviso,
1092 3197 1143 3235 au·

172 3269 222 3308 sus
235 3262 279 3309 est
292 3251 367 3308 ferre
379 3250 574 3327 adspopulum
587 3251 727 3318 “vellent,
737 3249 922 3326 juberentne,
932 3273 964 3311 se
974 3273 1095 3330 regnare
1103 3258 1114 3313 l
1122 3258 1139 3284 ''

170 3340 309 3404 tantoque
331 3347 486 3396 consensu,
507 3335 614 3403 quanto
638 3329 715 3386 haud
738 3329 887 3404 quisquam
914 3332 986 3390 alius
1000 3333 1076 3406 ante,
1090 3354 1142 3394 rex

171 3419 216 3466 est
239 3408 412 3465 declaratus·
452 3407 556 3481 Neque
580 3425 615 3464 ea
638 3426 684 3464 res
704 3406 864 3482 Tarquinio
884 3427 964 3484 spem
986 3413 1141 3470 affectandi

170 3487 257 3562 regni
270 3485 392 3544 minuit:
412 3484 499 3542 immo
519 3483 554 3542 ed
575 3484 743 3562 impensius,
759 3486 826 3562 quia
848 3487 885 3562 de
905 3506 973 3562 agro
985 3489 1080 3565 plebis
1091 3491 1143 3544 ad·

136 3586 161 3626 ro
170 3566 254 3622 versa
268 3563 385 3621 Parrum
399 3563 543 3623 voluntate
557 3574 685 3621 senserat
698 3565 757 3654 agi,
770 3563 944 3622 criminandi
958 3564 1050 3622 Servii
1064 3565 1141 3635 apud

171 3641 282 3712 Patres,
298 3643 505 3717 crescendique
526 3643 557 3699 in
578 3641 726 3700 curidsibr
739 3641 924 3700 occasionem
945 3643 1041 3695 datam
1059 3648 1141 3719 ratus

170 3733 224 3798 est,
234 3732 268 3782 et
281 3722 343 3801 ipse
353 3721 469 3801 juvenis
482 3720 610 3782 ardentis
629 3719 729 3790 animi,
743 3730 773 3778 et
787 3718 865 3778 domi
884 3731 972 3772 uxore
986 3708 1084 3765 Talna
1097 3712 1142 3766 in·
