2556 4314
18 397 20 410 ,
114 359 155 416 50
518 360 588 410 ΤΙΤΙ
605 360 691 410 le11

16 511 19 552 t
115 510 226 559 tentum
250 521 281 560 se
303 521 367 560 esse
391 502 548 576 simularet,
572 503 686 576 Sextus,
710 502 786 560 filius
804 503 876 580 ejus,
890 503 939 578 qui
953 503 1091 564 minimus

114 581 255 638 extribus
276 592 347 654 erat,
361 582 515 658 transfugit
536 601 572 639 ex
593 582 752 658 composito
774 582 893 654 Gabios,
907 583 995 658 patris
1013 584 1044 641 in
1058 604 1091 642 se
1141 636 1143 640 ,

15 717 16 728 ,
114 661 251 718 saevitiam
279 661 488 719 intolerabilem
513 680 711 736 conquerens;
747 665 767 692 “
781 661 847 718 Jam
871 662 908 718 ab
932 662 1036 719 alienis
1058 663 1089 721 in

14 739 15 754 ¹
115 748 213 797 “suos
235 741 354 798 vertisse
378 741 564 816 superbiam3
594 752 623 797 et
636 741 791 797 liberorum
805 759 918 815 quoque
940 760 1008 798 eum
1036 741 1091 800 fre-

13 865 14 870 ,
112 819 267 893 “quentia
291 820 580 893 taedere3ut,quam
605 818 739 875 incurii
763 820 947 877 solitudinem
976 820 1123 890 secerit‚⁵
1213 885 1216 890 ,

12 937 13 944 1
114 900 133 929 “
145 898 223 955 dorni
237 918 350 973 quoque
364 898 452 955 faciat
466 918 473 967 ;
497 917 533 954 ne
548 917 633 972 quarn
648 897 776 973 stirpem,
791 918 828 956 ne
842 918 928 973 quern
943 901 1089 958 heredem

12 997 15 1008 ’
113 977 224 1054 “regni
248 978 399 1052 relinquat.
438 977 480 1034 Se
501 977 628 1051 quidem,
652 976 727 1037 inter
750 977 809 1034 tela
832 989 861 1035 et
875 978 986 1054 gladios
1000 979 1090 1053 patris

11 1079 12 1106 ι
112 1059 131 1087 “
143 1057 283 1133 elapsum,
307 1057 379 1113 nihil
404 1075 524 1130 usquam
549 1056 603 1113 sibi
625 1066 729 1123 tutum,
752 1057 808 1113 nisi
833 1058 909 1132 apud
934 1058 1032 1116 hostes
1052 1057 1086 1116 L.

10 1183 11 1190 ,
111 1139 130 1166 “
139 1136 304 1210 Tarquinii,
323 1135 493 1192 credidisse.
548 1135 637 1208 Nam,
665 1155 707 1192 ne
727 1148 867 1208 errarent,
892 1156 1011 1194 manere
1037 1136 1084 1196 his

10 1207 11 1222 ¹
110 1218 129 1245 “
142 1215 259 1288 bellurn,
274 1215 349 1289 quod
364 1215 488 1290 positum
512 1215 681 1283 simuletur;
703 1224 732 1272 et
755 1235 807 1291 per
820 1216 1005 1275 occasionem
1019 1235 1087 1280 eum
1097 1230 1122 1269 ro

112 1294 277 1352 “incautos
290 1295 466 1352 invasurum.
508 1293 599 1354 Quod
621 1294 645 1351 si
660 1294 735 1369 apud
750 1313 800 1352 eos
814 1295 992 1370 supplicibus
1005 1296 1087 1355 locus

8 1375 9 1396 ¹
98 1375 129 1420 -“
142 1392 199 1431 non
225 1374 271 1442 sit,
298 1383 508 1449 pererraturum
534 1392 564 1430 se
588 1392 675 1430 omne
697 1373 833 1430 Latium:
854 1375 1033 1449 Volscosque
1054 1394 1087 1433 se

7 1525 8 1530 ἵ
109 1451 219 1520 “inde‚
244 1463 273 1510 et
297 1453 417 1528 AEquos,
442 1464 472 1509 et
495 1452 641 1509 Hernicos
664 1453 838 1528 petiturum3
860 1454 954 1511 donec
978 1456 1015 1510 ad
1036 1473 1087 1512 eos

6 1573 7 1582 η
107 1535 126 1562 “
137 1532 295 1607 perveniat,
309 1533 358 1606 qui
380 1552 397 1588 a
410 1542 523 1607 patrum
538 1531 704 1588 crudelibus
726 1544 809 1606 atque
825 1533 920 1608 impiis
934 1534 1084 1609 suppliciis

109 1615 127 1641 “
139 1617 237 1687 tegere
261 1612 367 1669 liberos
391 1611 493 1668 sciant.
531 1610 669 1668 Forsitan
691 1611 780 1668 etiam
804 1613 913 1669 ardoris
927 1613 1034 1687 aliquid
1048 1614 1084 1671 ad
1095 1628 1122 1667 15
1144 1643 1149 1652 ·

109 1693 127 1721 “
140 1691 248 1748 bellurn
270 1709 405 1766 armaque
428 1709 458 1747 se
473 1691 609 1747 adversus
633 1690 870 1764 superbissimum
885 1711 983 1768 regem
998 1711 1032 1749 ac
1046 1691 1087 1750 fe·

109 1779 128 1806 “
139 1771 321 1852 rocissimum
335 1770 472 1846 populum
488 1770 700 1827 inventurum.’'
741 1769 854 1842 Quum,
868 1771 893 1827 si
907 1772 979 1827 nihil
995 1791 1087 1829 mora·

10 1915 12 1930 .
107 1860 217 1917 rentur,
242 1850 372 1907 infensus
396 1850 437 1906 ira
452 1868 537 1924 porro
561 1849 629 1906 inde
645 1849 775 1906 abiturus
789 1849 942 1919 videretur,
958 1851 1084 1926 benigne

107 1929 144 1985 ab
170 1928 294 1986 Gabinis
317 1929 478 2003 excipitur:
511 1938 607 1985 vetant
633 1928 741 1996 mirari,
767 1929 801 1995 si,
825 1928 917 2002 qualis
938 1929 969 1984 in
994 1943 1083 2002 cives,

106 2007 199 2082 qualis
222 2008 253 2065 in
277 2008 381 2079 socios,
406 2007 470 2063 talis
494 2007 529 2063 ad
551 2007 685 2064 ultimum
709 2007 739 2063 in
755 2007 860 2064 liberos
874 2018 959 2065 esset.
1002 2008 1037 2064 In
1051 2027 1119 2066 seeo

106 2086 200 2162 ipsum
214 2085 544 2162 postremdsaeviturum,
556 2086 580 2143 si
595 2087 650 2143 alia
664 2087 767 2143 desint.
809 2086 872 2144 Sibi
886 2085 955 2144 vero
969 2099 1081 2164 gratum
1110 2116 1112 2122 ·

106 2167 262 2223 adventurn
293 2165 355 2240 ejus
379 2184 465 2233 esse3
496 2165 678 2240 futurumque
701 2166 819 2222 credere
847 2165 936 2233 brevi,
964 2176 1006 2238 ut,
1034 2167 1082 2225 illo

106 2245 271 2322 adjuvante,
294 2245 330 2301 ab
353 2243 442 2320 portis
466 2244 588 2301 Gabinis
610 2245 664 2302 sub
688 2244 824 2302 Romana
848 2245 955 2301 moenia
974 2245 1080 2305 bellurn

105 2325 302 2382 transferatur.

146 2485 224 2547 LIV.
246 2486 320 2543 Inde
345 2485 374 2542 in
397 2484 521 2543 eoncilia
547 2484 664 2561 publica
686 2484 836 2543 adhiberi:
858 2485 918 2553 ubi,
932 2503 1021 2560 quum
1042 2485 1117 2542 dea5

106 2569 170 2627 aliis
183 2567 269 2625 rebus
281 2565 420 2622 assentire
445 2585 475 2622 se
490 2566 634 2622 veteribus
647 2566 770 2622 Gabinis
783 2567 903 2637 diceret,
917 2565 1021 2638 quibus
1036 2564 1080 2620 hae

103 2650 229 2707 notiores
242 2655 353 2718 essent,
373 2645 433 2718 ipse
448 2644 606 2702 identidem
633 2645 699 2702 belli
724 2656 824 2702 auctor
838 2663 912 2711 esse,
928 2645 957 2701 in
976 2662 1012 2701 eo
1025 2641 1080 2699 sibi

103 2727 279 2804 praecipuam
303 2724 485 2800 prudentiam
506 2743 662 2792 assumere,
677 2723 754 2798 quod
768 2724 859 2780 utrius
879 2743 915 2779 ue
928 2722 1026 2798 populi
1041 2721 1080 2779 vi·

104 2826 152 2864 res
176 2805 283 2870 nbsset,
309 2803 452 2877 sciretque
475 2803 596 2860 invisam
622 2801 751 2877 profectd
778 2743 942 2876 superbiam
970 2801 1080 2876 regiam

105 2885 217 2944 civibus
244 2881 427 2956 essequam
452 2882 526 2939 ferre
541 2901 578 2938 ne
599 2881 681 2938 liberi
695 2880 811 2954 quidem
825 2879 993 2953 potuissent.
1035 2879 1118 2942 Itaao

104 2984 194 3042 quum
208 2961 315 3020 sensim
330 2961 366 3017 ad
380 2961 576 3018 rebellandum
591 2961 730 3034 primores
743 2957 922 3015 Gabinorum
936 2957 1080 3031 incitaret,

106 3046 167 3123 ipse
195 3062 261 3099 cum
286 3041 504 3117 promptissimis
521 3041 659 3115 juvenum
684 3037 842 3112 praedatum
867 3047 951 3111 atque
973 3036 1003 3094 in
1030 3055 1081 3093 ex-

103 3122 266 3200 peditiones
279 3121 344 3192 iret,
358 3131 388 3176 et
401 3119 486 3176 dictis
510 3118 650 3191 factisque
663 3116 798 3174 omnibus
814 3116 851 3170 ad
866 3116 1023 3172 sallendurn
1038 3116 1081 3172 in·

19 3207 21 3213 ¹
105 3204 221 3261 structis
234 3220 309 3257 vana
322 3208 502 3256 accresceret
516 3196 598 3268 fides,
612 3197 672 3252 dux
686 3197 721 3252 ad
736 3195 869 3266 ultimum
883 3194 951 3250 belli
965 3195 1078 3269 legitur.

106 3283 152 3341 Ibi
166 3301 264 3358 quum,
289 3277 381 3336 inscia
402 3275 586 3333 multitudine
610 3275 678 3348 quid
700 3283 842 3350 ageretur,
861 3272 969 3346 *proelia
992 3290 1118 3346 parvam

105 3364 180 3422 inter
191 3362 318 3422 Romam
332 3355 496 3430 Gabiosque
521 3354 632 3426 fierent,
647 3353 751 3428 quibus
772 3353 940 3427 plerumque
964 3350 1080 3408 Gabina

104 3461 151 3501 res
164 3439 293 3513 superior
306 3446 400 3504 esset;
422 3447 484 3490 turn
508 3433 640 3490 certatim
662 3431 768 3489 summi
790 3430 939 3506 infimique
953 3430 1080 3488 Gabino-
1125 3445 1128 3448 ·

104 3540 169 3579 rum
203 3518 270 3574 Sex.
306 3513 500 3587 Tarquinium
524 3513 601 3570 dono
625 3512 719 3569 Derim
747 3511 800 3569 sibi
825 3510 948 3567 missum
973 3510 1079 3566 docem

104 3599 233 3658 credere.
276 3593 364 3667 Apud
388 3592 494 3649 milites
515 3585 748 3650 vero'obeundo.
764 3590 895 3667 pericula
909 3608 943 3646 ac
957 3589 1078 3656 labores,

104 3678 210 3754 pariter
232 3672 359 3749 praedam
385 3670 524 3729 munifice
549 3671 709 3748 largiendo,
724 3671 805 3728 tantia
826 3669 946 3740 caritate
960 3685 1033 3738 esse,
1047 3677 1117 3735 utto

105 3775 164 3813 non
198 3765 258 3864 ἷξες
272 3749 450 3824 Tarquinius
473 3752 616 3825 potentior
640 3751 754 3818 Romae,
779 3747 866 3824 quiam
890 3748 965 3804 filius
979 3745 1080 3802 Gabiis
1123 3745 1127 3758 ¹

9 3875 12 3880 -
105 3820 343 3916 essdt‘fltaoue.
358 3839 510 3905 uostquam
534 3831 604 3888 satis
627 3830 732 3888 virium
754 3829 908 3888 collectum
929 3826 965 3883 ad
979 3841 1061 3882 omne
