2556 4314
364 293 367 300 ’
443 340 452 364 ·
496 332 567 386 rm
583 333 671 384 mvn

94 473 147 531 tiat
159 474 232 550 regi,
257 473 337 533 abira
358 475 507 534 Albanos.
550 476 657 542 Tullus
677 475 709 533 in
721 461 760 532 ⁴ra
784 474 896 550 trepida
916 473 1073 534 duodecim
1095 498 1099 504 ·

94 552 169 610 vovit
183 553 286 627 Salios,
300 555 423 630 fanaque
446 555 553 612 Pallori
577 575 612 612 ac
636 554 757 624 Pauori:
778 555 914 630 equitem,
938 553 1016 610 claud
1028 555 1073 612 in·
1100 570 1103 577 ‘

8 695 9 716 J
94 650 217 710 crepans
231 635 311 702 voce,
324 645 356 692 ut
369 635 466 694 hostes
479 633 661 702 exaudirent,
674 634 767 692 redire
782 635 812 691 in
826 633 959 709 praelium
970 632 1070 709 jubet;

8 725 10 790 J
94 715 113 742 “
124 711 207 770 Nihil
221 714 413 789 trepidatione
437 733 510 789 opus
523 733 606 771 esse:
627 732 679 770 suo
690 713 772 788 jussu
787 711 969 771 circumduci
983 713 1071 770 Alba·

8 793 10 824 *
93 794 214 849 “uum
222 793 392 865 exercitum,
420 803 452 850 ut
478 792 664 850 Fidenatium
691 793 771 849 nuda
792 802 874 868 terga
900 791 1069 849 invadant”
1094 790 1113 873 ⁵'.

8 879 9 938 Q
92 868 198 927 Idem'
190 882 322 948 rmpcrat‚
337 883 370 930 ut
393 872 491 930 hastas
512 871 623 946 equites
636 861 868 948 erigerajubeat.
908 870 947 926 id
961 870 1070 928 factum

92 966 206 1024 magnas
233 951 304 1026 parti
329 951 461 1045 peditum
487 949 689 1008 Romanorum
720 960 909 1025 conspectum
937 949 1069 1006 abeuntis

8 1087 9 1090 J
91 1027 201 1086 Albani
215 1029 359 1087 exercitius
380 1029 563 1105 intersepsit:
584 1049 633 1104 qur
626 1030 788 1100 'viderant
803 1028 843 1095 id,
859 1024 934 1101 quod
949 1027 985 1083 ab
999 1047 1068 1104 rege
1131 1101 1134 1106 Ι

8 1113 10 1140 ¹
90 1107 221 1164 auditum
246 1118 316 1176 erat,
331 1108 396 1180 rati,
420 1107 458 1166 ed
477 1107 589 1166 acrius.
596 1118 740 1184 pugnant.
777 1074 886 1164 I'error
911 1107 947 1163 ad
972 1107 1068 1164 hostes

89 1186 210 1244 transit:
232 1197 262 1244 et
283 1155 466 1245 audiveiant
476 1187 570 1248 clara
577 1205 647 1244 voca
672 1186 800 1254 dictum3
822 1195 851 1242 et
872 1203 979 1260 magua
1002 1197 1068 1260 pars
1080 1201 1104 1241 10

89 1263 285 1332 Fidenatium,
302 1277 344 1323 ut
365 1267 414 1342 qui
436 1265 532 1324 coloni
554 1265 644 1323 additi
668 1229 813 1328 Romanis
836 1275 943 1336 esseut,
962 1263 1067 1322 Latine

88 1343 228 1402 sciebam
270 1344 382 1419 Itaque,
395 1364 434 1403 ne
448 1338 543 1402 subito
556 1363 594 1401 ex
608 1344 733 1403 collibus
746 1344 872 1402 decursu
886 1308 1067 1402 Albanorum
1109 1345 1113 1353 ’

86 1421 348 1480 intercluderentur
370 1425 407 1491 ab
430 1424 544 1499 oppido,
567 1433 648 1498 terga
671 1433 794 1481 vertunt.
836 1424 929 1480 Instat
950 1423 1065 1492 Tullus,
1133 1467 1138 1472 .

8 1501 10 1514 ¹
88 1501 207 1576 fusoque
221 1502 407 1560 Fidenatium
432 1522 533 1568 cornu,
553 1502 584 1560 in
598 1502 763 1578 Vejentem,
778 1503 990 1577 alienopavore
1003 1522 1067 1578 per-

86 1580 211 1654 culsum,
236 1582 358 1640 ferocior
381 1582 464 1640 redit.
505 1581 572 1638 Nec
593 1581 635 1639 illi
657 1580 749 1638 tulbre
773 1582 933 1657 impetum
954 1583 1005 1639 sed
1029 1583 1065 1638 ab
1077 1595 1102 1636 ιι

8 1703 9 1706 ,
87 1659 178 1717 effusa
199 1660 269 1736 fugai
286 1661 394 1718 flumen
415 1661 561 1738 objectum
583 1680 600 1716 a
623 1671 705 1736 tergo
730 1661 855 1718 arcebat.
896 1660 967 1723 Qud
991 1672 1067 1737 post·

85 1756 171 1828 quam
193 1740 263 1816 fuga
286 1740 445 1817 inclinavit,
467 1740 526 1812 alii,
549 1759 628 1796 arma
652 1738 748 1796 foede
735 1751 893 1831 Ιιιιοιιιιιιοε,
906 1741 937 1797 in
962 1749 1065 1815 aqua'm

86 1818 159 1875 caeci
183 1819 326 1888 ruebant3
356 1819 414 1892 alii,
438 1819 508 1876 dum
536 1829 711 1876 cunctantur
733 1820 763 1876 in
788 1820 866 1895 ripis
892 1821 966 1875 inter
988 1821 1064 1894 fugae

8 1939 9 1942 ,
84 1915 246 1972 pugnaque
269 1861 427 1956 corisilium
462 1899 600 1974 oppressi.
650 1890 723 1992 Nou
751 1898 807 1956 alia
833 1897 900 1955 ante
926 1897 1064 1956 Romana

8 1979 9 2028 ξ
86 1993 186 2052 pugna
199 1977 323 2052 atrocior
337 1975 399 2034 fuit.
1073 1994 1100 2034 2⁰

127 2133 276 2190 XXVIII.
299 2133 379 2191 Turn
402 2134 535 2208 Albanus
556 2137 704 2194 exercitus
707 2099 873 2212 ,spectator
887 2135 1063 2203 certaminis,

86 2211 260 2270 deductus
252 2232 283 2269 ιιι
308 2232 433 2288 campos.
475 2214 539 2271 Met
528 2225 586 2272 ttus
611 2212 699 2273 Tullo
714 2217 843 2282 devictos
857 2217 954 2273 hostes
968 2225 1064 2292 gratu·

8 2361 9 2364 J
63 2287 175 2349 'laturt
207 2302 277 2348 cont
278 2311 309 2348 ra
333 2291 440 2350 Tullus
462 2291 587 2351 Mettum
613 2295 739 2370 benigne
760 2292 929 2384 alloquitur
964 2295 1065 2355 Quod

8 2371 9 2440 ξ
85 2369 161 2428 bene
175 2380 277 2441 vertat,
291 2380 388 2428 castra
410 2370 540 2430 Albanos
555 2373 699 2432 Romanis
711 2375 814 2433 castris
825 2375 948 2448 jungere
960 2374 1064 2449 jubet.

29 2513 31 2518 ,
86 2447 262 2506 sacrificium
288 2449 435 2508 lustrale'
428 2471 459 2507 m
481 2452 559 2508 diem
583 2463 729 2526 posterum
750 2462 840 2542 parat
883 2452 940 2509 Ubi
961 2452 1064 2525 illuxit,
1073 2460 1099 2500 35

85 2528 192 2602 paratis
215 2529 360 2602 omnibus,
373 2539 406 2586 ut
427 2530 541 2602 assolet,
556 2531 652 2589 vocari
674 2531 710 2599 ad
724 2531 897 2588 concionem
912 2541 1065 2606 utrumque

85 2608 245 2665 exercitum
267 2608 357 2684 jubet.
399 2608 561 2678 Praecones‚
587 2611 624 2666 ab
648 2621 780 2668 extremo
801 2610 868 2678 orsi,
890 2611 998 2687 primos
1018 2629 1066 2667 ex·

86 2686 181 2744 oivare
196 2687 347 2746 Albanos:
368 2688 408 2756 hi,
424 2687 549 2746 novitate
571 2690 659 2759 etiam
680 2689 722 2746 rei
746 2690 827 2762 moti,
842 2699 874 2746 ut
891 2709 990 2764 regem
1004 2689 1065 2746 Rc·-
1152 2699 1155 2704 “

82 2783 201 2823 manum
229 2767 452 2837 concionantem
479 2769 622 2840 audirent,
646 2767 771 2843 proximi
801 2767 966 2824 constitere.
1018 2767 1064 2824 Ex

84 2844 242 2919 composito
257 2855 365 2904 armata
379 2847 575 2904 circumdatur
588 2815 724 2903 Rbmana
736 2844 830 2918 legio·
845 2843 1097 2900 centurionibus³0

85 2923 185 2980 datum
198 2925 355 2999 negotium
371 2935 443 2999 erat,
457 2936 489 2985 ut
503 2925 578 2984 sine
586 2927 665 2982 mora
687 2920 808 2996 imperia
828 2931 1082 3018 exsequerentur.-·

84 3001 186 3059 Tum
178 3014 219 3060 rta
232 3003 337 3062 Tullus
351 3004 434 3062 infit:
457 3015 476 3041 “
488 3003 626 3069 Romani,
651 3002 679 3066 si
691 3019 816 3090 unquam
835 2998 904 3058 antd
918 2999 989 3058 alias
1003 3001 1062 3061 ullo

85 3081 143 3138 “in
158 3082 233 3140 bello
247 3083 310 3152 fuit,
325 3083 400 3158 qudd
420 3082 545 3172 primum
566 3080 630 3138 Diis
647 3079 855 3137 immortalibus
875 3081 982 3155 gratias
996 3100 1063 3157 age·

84 3161 192 3230 “retia
213 3162 320 3221 deinde
344 3172 444 3222 vestrae
465 3161 591 3235 ipsorum
616 3159 722 3226 virtuti,
746 3159 913 3216 hesternum
935 3159 965 3215 id
988 3179 1062 3233 proe-

85 3247 104 3276 “
116 3239 187 3298 lium
202 3241 263 3298 fuit.
305 3229 483 3296 Dimicatum
497 3237 643 3306 estasim,
659 3258 717 3296 non
731 3238 824 3314 magis
839 3257 906 3299 oum
921 3237 1095 3306 hostibus‚³⁵
1070 3248 1099 3289 35·

83 3322 102 3350 “
114 3317 201 3394 quarn
223 3318 299 3394 (quae
314 3317 462 3374 dimicatio
483 3317 572 3392 major
594 3327 678 3393 atque
702 3317 889 3394 periculosior
913 3318 970 3396 est)
993 3335 1061 3408 cum

84 3406 103 3434 “
115 3396 277 3484 proditione
289 3415 323 3452 ac
336 3395 456 3470 perfidia
470 3397 624 3456 sociorum
665 3398 755 3466 Nam,
766 3417 804 3456 ne
816 3417 865 3456 vos
878 3396 950 3461 falsa
963 3397 1061 3472 ορίιιίο

83 3479 221 3539 “teneat,
236 3473 347 3548 injussu
368 3493 435 3534 meo
459 3473 568 3537 Albani
590 3477 711 3537 subiere
722 3479 757 3536 ad
777 3489 909 3536 montes:
931 3495 987 3534 nec
1009 3476 1061 3535 im·
1142 3490 1145 3494 ’

83 3551 223 3626 “perium
245 3551 317 3609 illud
340 3573 449 3623 meum,
467 3557 525 3614 sed
550 3558 704 3616 consilium
728 3569 757 3617 et
780 3557 894 3634 imperii
916 3537 1062 3616 simulatio

82 3630 184 3700 “furt
203 3641 238 3692 ut
251 3651 318 3705 nec,
332 3633 413 3690 vobis
437 3635 637 3711 ignorantibus
661 3638 755 3697 deseri
779 3657 838 3706 vos,
854 3646 1029 3695 averteretur
1043 3645 1095 3694 ιιι)

82 3716 101 3746 ‘⁴
113 3710 272 3767 certamino
297 3712 430 3782 animus3
453 3725 482 3781 et
503 3717 644 3791 hostibus,
665 3711 870 3780 circumveniri
895 3734 926 3774 se
948 3724 1058 3790 atergo

80 3787 189 3860 “ratis,
211 3799 302 3850 terror
323 3809 358 3850 ac
380 3792 480 3874 fuga
472 3795 648 3881 injiceretur
700 3798 767 3860 Nec
789 3817 825 3856 ea
848 3795 944 3871 culpa,
972 3807 1057 3876 quam
