<?xml version="1.0" encoding="UTF-8"?>
<!DOCTYPE html PUBLIC "-//W3C//DTD XHTML 1.0 Transitional//EN"
    "http://www.w3.org/TR/xhtml1/DTD/xhtml1-transitional.dtd">
<html xmlns="http://www.w3.org/1999/xhtml" xml:lang="en" lang="en">
 <head>
  <title>
</title>
<meta http-equiv="Content-Type" content="text/html;charset=utf-8" />
  <meta name='ocr-system' content='tesseract 3.04.00' />
  <meta name='ocr-capabilities' content='ocr_page ocr_carea ocr_par ocr_line ocrx_word'/>
</head>
<body>
  <div class='ocr_page' id='page_1' title='image "./historiarumetse03livygoog_0190.png"; bbox 0 0 2556 4314; ppageno 0'>
   <div class='ocr_carea' id='block_1_1' title="bbox 418 310 1101 412">
    <p class='ocr_par' dir='ltr' id='par_1_1' title="bbox 418 310 1101 412">
     <span class='ocr_line' id='line_1_1' title="bbox 418 310 1101 412; baseline 0.001 -9"><span class='ocrx_word' id='word_1_1' title='bbox 418 352 523 406; x_wconf 83' lang='lat' dir='ltr'><strong>LIBER</strong></span> <span class='ocrx_word' id='word_1_2' title='bbox 539 349 612 403; x_wconf 89' lang='lat' dir='ltr'><strong>xx1.</strong></span> <span class='ocrx_word' id='word_1_3' title='bbox 630 363 694 402; x_wconf 71' lang='lat' dir='ltr'><strong>car.</strong></span> <span class='ocrx_word' id='word_1_4' title='bbox 711 363 807 401; x_wconf 80' lang='lat' dir='ltr'><strong>xxxrr.</strong></span> <span class='ocrx_word' id='word_1_5' title='bbox 831 310 835 319; x_wconf 31' lang='lat'><em>¹</em></span> <span class='ocrx_word' id='word_1_6' title='bbox 877 390 884 402; x_wconf 88' lang='lat'><strong><em>.</em></strong></span> <span class='ocrx_word' id='word_1_7' title='bbox 1042 352 1101 412; x_wconf 84' lang='grc'><strong>179</strong></span> 
     </span>
    </p>
   </div>
   <div class='ocr_carea' id='block_1_2' title="bbox 26 479 1102 736">
    <p class='ocr_par' dir='ltr' id='par_1_2' title="bbox 26 479 1102 736">
     <span class='ocr_line' id='line_1_2' title="bbox 26 479 1102 578; baseline -0.007 -17"><span class='ocrx_word' id='word_1_8' title='bbox 26 479 27 482; x_wconf 15' lang='lat'>¹</span> <span class='ocrx_word' id='word_1_9' title='bbox 81 488 84 493; x_wconf 33' lang='lat'>⁸</span> <span class='ocrx_word' id='word_1_10' title='bbox 130 501 224 578; x_wconf 91' lang='lat' dir='ltr'><strong>equite</strong></span> <span class='ocrx_word' id='word_1_11' title='bbox 237 498 355 566; x_wconf 88' lang='lat' dir='ltr'><strong>relictis,</strong></span> <span class='ocrx_word' id='word_1_12' title='bbox 371 508 400 556; x_wconf 89' lang='lat' dir='ltr'><strong>et</strong></span> <span class='ocrx_word' id='word_1_13' title='bbox 423 496 551 554; x_wconf 75' lang='lat' dir='ltr'><strong>maximat</strong></span> <span class='ocrx_word' id='word_1_14' title='bbox 564 506 643 573; x_wconf 88' lang='lat' dir='ltr'><strong>parte</strong></span> <span class='ocrx_word' id='word_1_15' title='bbox 658 495 807 572; x_wconf 85' lang='lat' dir='ltr'><strong>peditum3</strong></span> <span class='ocrx_word' id='word_1_16' title='bbox 829 493 890 570; x_wconf 89' lang='lat' dir='ltr'><strong>ipse</strong></span> <span class='ocrx_word' id='word_1_17' title='bbox 904 513 973 552; x_wconf 90' lang='lat' dir='ltr'><strong>cum</strong></span> <span class='ocrx_word' id='word_1_18' title='bbox 985 496 1102 572; x_wconf 84' lang='lat' dir='ltr'><strong>expedi-</strong></span> 
     </span>
     <span class='ocr_line' id='line_1_3' title="bbox 130 574 1102 654; baseline -0.002 -15"><span class='ocrx_word' id='word_1_19' title='bbox 130 583 175 654; x_wconf 86' lang='lat' dir='ltr'><strong>tis,</strong></span> <span class='ocrx_word' id='word_1_20' title='bbox 197 580 339 637; x_wconf 84' lang='lat' dir='ltr'><strong>acerrImo</strong></span> <span class='ocrx_word' id='word_1_21' title='bbox 362 597 474 653; x_wconf 88' lang='lat' dir='ltr'><strong>quoque</strong></span> <span class='ocrx_word' id='word_1_22' title='bbox 497 577 568 648; x_wconf 82' lang='lat' dir='ltr'><strong>viro,</strong></span> <span class='ocrx_word' id='word_1_23' title='bbox 596 576 698 650; x_wconf 90' lang='lat' dir='ltr'><strong>raptim</strong></span> <span class='ocrx_word' id='word_1_24' title='bbox 712 574 861 650; x_wconf 84' lang='lat' dir='ltr'><strong>angustias</strong></span> <span class='ocrx_word' id='word_1_25' title='bbox 874 574 989 644; x_wconf 83' lang='lat' dir='ltr'><strong>evadit;</strong></span> <span class='ocrx_word' id='word_1_26' title='bbox 1011 575 1102 652; x_wconf 86' lang='lat' dir='ltr'><strong>iisque</strong></span> 
     </span>
     <span class='ocr_line' id='line_1_4' title="bbox 131 653 866 736; baseline -0.011 -19"><span class='ocrx_word' id='word_1_27' title='bbox 131 661 199 736; x_wconf 93' lang='lat' dir='ltr'><strong>ipsis</strong></span> <span class='ocrx_word' id='word_1_28' title='bbox 212 657 340 726; x_wconf 88' lang='lat' dir='ltr'><strong>tumulis,</strong></span> <span class='ocrx_word' id='word_1_29' title='bbox 349 676 426 732; x_wconf 89' lang='lat' dir='ltr'><strong>quos</strong></span> <span class='ocrx_word' id='word_1_30' title='bbox 440 658 536 714; x_wconf 89' lang='lat' dir='ltr'><strong>hostes</strong></span> <span class='ocrx_word' id='word_1_31' title='bbox 549 665 712 723; x_wconf 88' lang='lat' dir='ltr'><strong>tenuerant,</strong></span> <span class='ocrx_word' id='word_1_32' title='bbox 726 653 866 712; x_wconf 77' lang='lat' dir='ltr'>consedit.</span> 
     </span>
    </p>
   </div>
   <div class='ocr_carea' id='block_1_3' title="bbox 36 813 1210 3909">
    <p class='ocr_par' dir='ltr' id='par_1_3' title="bbox 36 813 1210 3909">
     <span class='ocr_line' id='line_1_5' title="bbox 169 813 1107 890; baseline -0.003 -14"><span class='ocrx_word' id='word_1_33' title='bbox 169 817 323 876; x_wconf 91' lang='lat' dir='ltr'>XXXIII.</span> <span class='ocrx_word' id='word_1_34' title='bbox 344 814 443 874; x_wconf 71' lang='lat' dir='ltr'><strong>Prima</strong></span> <span class='ocrx_word' id='word_1_35' title='bbox 464 814 569 873; x_wconf 90' lang='lat' dir='ltr'><strong>deinde</strong></span> <span class='ocrx_word' id='word_1_36' title='bbox 589 813 656 871; x_wconf 91' lang='lat' dir='ltr'><strong>luce</strong></span> <span class='ocrx_word' id='word_1_37' title='bbox 671 824 765 871; x_wconf 88' lang='lat' dir='ltr'><strong>castra</strong></span> <span class='ocrx_word' id='word_1_38' title='bbox 779 821 866 886; x_wconf 89' lang='lat' dir='ltr'><strong>mota,</strong></span> <span class='ocrx_word' id='word_1_39' title='bbox 880 822 910 871; x_wconf 87' lang='lat' dir='ltr'><strong>et</strong></span> <span class='ocrx_word' id='word_1_40' title='bbox 923 831 1028 890; x_wconf 83' lang='lat' dir='ltr'><strong>agmen</strong></span> <span class='ocrx_word' id='word_1_41' title='bbox 1042 813 1107 874; x_wconf 87' lang='lat' dir='ltr'><strong>reli-</strong></span> 
     </span>
     <span class='ocr_line' id='line_1_6' title="bbox 109 893 1107 974; baseline -0.002 -19"><span class='ocrx_word' id='word_1_42' title='bbox 109 905 220 974; x_wconf 88' lang='lat' dir='ltr'><strong>⁵quum</strong></span> <span class='ocrx_word' id='word_1_43' title='bbox 234 897 369 955; x_wconf 85' lang='lat' dir='ltr'>incedere</span> <span class='ocrx_word' id='word_1_44' title='bbox 384 895 480 971; x_wconf 74' lang='lat' dir='ltr'><strong>caepit.</strong></span> <span class='ocrx_word' id='word_1_45' title='bbox 522 895 589 950; x_wconf 88' lang='lat' dir='ltr'><strong>Jarn</strong></span> <span class='ocrx_word' id='word_1_46' title='bbox 603 893 732 950; x_wconf 89' lang='lat' dir='ltr'><strong>montani</strong></span> <span class='ocrx_word' id='word_1_47' title='bbox 747 893 831 969; x_wconf 86' lang='lat' dir='ltr'><strong>signo</strong></span> <span class='ocrx_word' id='word_1_48' title='bbox 843 893 911 951; x_wconf 93' lang='lat' dir='ltr'><strong>dato</strong></span> <span class='ocrx_word' id='word_1_49' title='bbox 931 913 968 950; x_wconf 83' lang='lat' dir='ltr'><strong>ex</strong></span> <span class='ocrx_word' id='word_1_50' title='bbox 981 895 1107 953; x_wconf 76' lang='lat' dir='ltr'><strong>castellis</strong></span> 
     </span>
     <span class='ocr_line' id='line_1_7' title="bbox 131 972 1108 1052; baseline -0.002 -17"><span class='ocrx_word' id='word_1_51' title='bbox 131 979 168 1035; x_wconf 88' lang='lat' dir='ltr'><strong>ad</strong></span> <span class='ocrx_word' id='word_1_52' title='bbox 182 978 334 1034; x_wconf 89' lang='lat' dir='ltr'><strong>stationem</strong></span> <span class='ocrx_word' id='word_1_53' title='bbox 349 975 461 1052; x_wconf 86' lang='lat' dir='ltr'><strong>solitam</strong></span> <span class='ocrx_word' id='word_1_54' title='bbox 476 972 705 1041; x_wconf 83' lang='lat' dir='ltr'><strong>conveniebant:</strong></span> <span class='ocrx_word' id='word_1_55' title='bbox 727 991 816 1046; x_wconf 91' lang='lat' dir='ltr'><strong>quum</strong></span> <span class='ocrx_word' id='word_1_56' title='bbox 831 973 948 1047; x_wconf 77' lang='lat' dir='ltr'><strong>repente</strong></span> <span class='ocrx_word' id='word_1_57' title='bbox 963 974 1108 1051; x_wconf 83' lang='lat' dir='ltr'><strong>conspici-</strong></span> 
     </span>
     <span class='ocr_line' id='line_1_8' title="bbox 36 1051 1108 1132; baseline 0 -19"><span class='ocrx_word' id='word_1_58' title='bbox 36 1113 39 1120; x_wconf 79' lang='grc'><em>,</em></span> <span class='ocrx_word' id='word_1_59' title='bbox 131 1066 183 1115; x_wconf 89' lang='lat' dir='ltr'><strong>unt</strong></span> <span class='ocrx_word' id='word_1_60' title='bbox 198 1056 278 1122; x_wconf 87' lang='lat' dir='ltr'><strong>alios,</strong></span> <span class='ocrx_word' id='word_1_61' title='bbox 286 1074 359 1132; x_wconf 37' lang='lat' dir='ltr'><strong>,arce</strong></span> <span class='ocrx_word' id='word_1_62' title='bbox 383 1053 526 1128; x_wconf 71' lang='lat' dir='ltr'><strong>occupata</strong></span> <span class='ocrx_word' id='word_1_63' title='bbox 547 1052 611 1124; x_wconf 76' lang='lat' dir='ltr'><strong>sud,</strong></span> <span class='ocrx_word' id='word_1_64' title='bbox 625 1069 711 1126; x_wconf 86' lang='lat' dir='ltr'><strong>super</strong></span> <span class='ocrx_word' id='word_1_65' title='bbox 725 1062 812 1126; x_wconf 90' lang='lat' dir='ltr'><strong>caput</strong></span> <span class='ocrx_word' id='word_1_66' title='bbox 826 1051 1021 1122; x_wconf 83' lang='lat' dir='ltr'><strong>imminentes,</strong></span> <span class='ocrx_word' id='word_1_67' title='bbox 1036 1055 1108 1113; x_wconf 88' lang='lat' dir='ltr'><strong>alios</strong></span> 
     </span>
     <span class='ocr_line' id='line_1_9' title="bbox 131 1130 1108 1208; baseline 0.001 -17"><span class='ocrx_word' id='word_1_68' title='bbox 131 1135 176 1192; x_wconf 74' lang='lat' dir='ltr'><strong>viri</strong></span> <span class='ocrx_word' id='word_1_69' title='bbox 190 1135 311 1191; x_wconf 90' lang='lat' dir='ltr'><strong>transire</strong></span> <span class='ocrx_word' id='word_1_70' title='bbox 336 1135 439 1190; x_wconf 89' lang='lat' dir='ltr'><strong>hostes.</strong></span> <span class='ocrx_word' id='word_1_71' title='bbox 481 1132 608 1206; x_wconf 90' lang='lat' dir='ltr'><strong>Utraque</strong></span> <span class='ocrx_word' id='word_1_72' title='bbox 631 1130 720 1186; x_wconf 90' lang='lat' dir='ltr'><strong>simul</strong></span> <span class='ocrx_word' id='word_1_73' title='bbox 740 1131 854 1208; x_wconf 84' lang='lat' dir='ltr'><strong>objecta</strong></span> <span class='ocrx_word' id='word_1_74' title='bbox 875 1150 923 1188; x_wconf 89' lang='lat' dir='ltr'><strong>res</strong></span> <span class='ocrx_word' id='word_1_75' title='bbox 939 1134 1032 1191; x_wconf 87' lang='lat' dir='ltr'><strong>oculis</strong></span> <span class='ocrx_word' id='word_1_76' title='bbox 1046 1133 1108 1192; x_wconf 88' lang='lat' dir='ltr'><strong>ani·</strong></span> 
     </span>
     <span class='ocr_line' id='line_1_10' title="bbox 131 1209 1108 1289; baseline 0.001 -19"><span class='ocrx_word' id='word_1_77' title='bbox 131 1214 241 1288; x_wconf 88' lang='lat' dir='ltr'><strong>misque</strong></span> <span class='ocrx_word' id='word_1_78' title='bbox 256 1212 417 1270; x_wconf 86' lang='lat' dir='ltr'><strong>immobiles</strong></span> <span class='ocrx_word' id='word_1_79' title='bbox 440 1230 592 1288; x_wconf 80' lang='lat' dir='ltr'><strong>parumper</strong></span> <span class='ocrx_word' id='word_1_80' title='bbox 616 1229 666 1267; x_wconf 87' lang='lat' dir='ltr'><strong>eos</strong></span> <span class='ocrx_word' id='word_1_81' title='bbox 680 1209 796 1267; x_wconf 87' lang='lat' dir='ltr'><strong>defixit:</strong></span> <span class='ocrx_word' id='word_1_82' title='bbox 818 1210 924 1268; x_wconf 90' lang='lat' dir='ltr'><strong>deinde</strong></span> <span class='ocrx_word' id='word_1_83' title='bbox 938 1221 970 1268; x_wconf 92' lang='lat' dir='ltr'><strong>ut</strong></span> <span class='ocrx_word' id='word_1_84' title='bbox 984 1213 1108 1289; x_wconf 88' lang='lat' dir='ltr'><strong>trepida-</strong></span> 
     </span>
     <span class='ocr_line' id='line_1_11' title="bbox 102 1290 1107 1370; baseline 0.001 -20"><span class='ocrx_word' id='word_1_85' title='bbox 102 1293 237 1350; x_wconf 77' lang='lat' dir='ltr'><strong>lotionem</strong></span> <span class='ocrx_word' id='word_1_86' title='bbox 253 1294 283 1350; x_wconf 90' lang='lat' dir='ltr'><strong>in</strong></span> <span class='ocrx_word' id='word_1_87' title='bbox 302 1291 451 1368; x_wconf 86' lang='lat' dir='ltr'><strong>angustiis,</strong></span> <span class='ocrx_word' id='word_1_88' title='bbox 477 1309 585 1365; x_wconf 91' lang='lat' dir='ltr'><strong>suoque</strong></span> <span class='ocrx_word' id='word_1_89' title='bbox 607 1290 701 1365; x_wconf 90' lang='lat' dir='ltr'><strong>ipsum</strong></span> <span class='ocrx_word' id='word_1_90' title='bbox 715 1290 840 1347; x_wconf 89' lang='lat' dir='ltr'><strong>tumultu</strong></span> <span class='ocrx_word' id='word_1_91' title='bbox 862 1291 976 1348; x_wconf 80' lang='lat' dir='ltr'><strong>misceri</strong></span> <span class='ocrx_word' id='word_1_92' title='bbox 1002 1311 1107 1370; x_wconf 84' lang='lat' dir='ltr'><strong>agmen</strong></span> 
     </span>
     <span class='ocr_line' id='line_1_12' title="bbox 131 1370 1108 1449; baseline 0.003 -21"><span class='ocrx_word' id='word_1_93' title='bbox 131 1373 238 1439; x_wconf 70' lang='lat' dir='ltr'><strong>videro,</strong></span> <span class='ocrx_word' id='word_1_94' title='bbox 253 1372 334 1446; x_wconf 89' lang='lat' dir='ltr'><strong>equis</strong></span> <span class='ocrx_word' id='word_1_95' title='bbox 347 1370 471 1428; x_wconf 75' lang='lat' dir='ltr'><strong>maxime</strong></span> <span class='ocrx_word' id='word_1_96' title='bbox 495 1370 696 1437; x_wconf 76' lang='lat' dir='ltr'><strong>consternatis,</strong></span> <span class='ocrx_word' id='word_1_97' title='bbox 711 1370 850 1445; x_wconf 90' lang='lat' dir='ltr'><strong>quidquid</strong></span> <span class='ocrx_word' id='word_1_98' title='bbox 865 1370 1040 1446; x_wconf 85' lang='lat' dir='ltr'><strong>adjecissent</strong></span> <span class='ocrx_word' id='word_1_99' title='bbox 1053 1372 1108 1449; x_wconf 91' lang='lat' dir='ltr'><strong>ipsi</strong></span> 
     </span>
     <span class='ocr_line' id='line_1_13' title="bbox 130 1449 1109 1529; baseline 0.003 -21"><span class='ocrx_word' id='word_1_100' title='bbox 130 1453 257 1519; x_wconf 89' lang='lat' dir='ltr'><strong>terroris,</strong></span> <span class='ocrx_word' id='word_1_101' title='bbox 272 1451 341 1508; x_wconf 87' lang='lat' dir='ltr'><strong>satis</strong></span> <span class='ocrx_word' id='word_1_102' title='bbox 362 1453 398 1507; x_wconf 92' lang='lat' dir='ltr'><strong>ad</strong></span> <span class='ocrx_word' id='word_1_103' title='bbox 419 1450 577 1525; x_wconf 88' lang='lat' dir='ltr'><strong>perniciem</strong></span> <span class='ocrx_word' id='word_1_104' title='bbox 592 1449 651 1506; x_wconf 83' lang='lat' dir='ltr'><strong>fore</strong></span> <span class='ocrx_word' id='word_1_105' title='bbox 665 1449 728 1516; x_wconf 87' lang='lat' dir='ltr'><strong>rati,</strong></span> <span class='ocrx_word' id='word_1_106' title='bbox 742 1449 882 1524; x_wconf 85' lang='lat' dir='ltr'><strong>perversis</strong></span> <span class='ocrx_word' id='word_1_107' title='bbox 896 1451 1014 1526; x_wconf 85' lang='lat' dir='ltr'><strong>rupibus</strong></span> <span class='ocrx_word' id='word_1_108' title='bbox 1024 1451 1109 1529; x_wconf 68' lang='lat' dir='ltr'><strong>juxta</strong></span> 
     </span>
     <span class='ocr_line' id='line_1_14' title="bbox 132 1527 1109 1604; baseline 0.002 -16"><span class='ocrx_word' id='word_1_109' title='bbox 132 1530 210 1588; x_wconf 89' lang='lat' dir='ltr'><strong>invia</strong></span> <span class='ocrx_word' id='word_1_110' title='bbox 224 1549 259 1588; x_wconf 92' lang='lat' dir='ltr'><strong>ac</strong></span> <span class='ocrx_word' id='word_1_111' title='bbox 274 1530 357 1587; x_wconf 91' lang='lat' dir='ltr'><strong>devia</strong></span> <span class='ocrx_word' id='word_1_112' title='bbox 376 1529 482 1586; x_wconf 90' lang='lat' dir='ltr'><strong>assueti</strong></span> <span class='ocrx_word' id='word_1_113' title='bbox 503 1529 678 1585; x_wconf 88' lang='lat' dir='ltr'><strong>discurrunt.</strong></span> <span class='ocrx_word' id='word_1_114' title='bbox 719 1528 803 1604; x_wconf 26' lang='lat' dir='ltr'><strong>Tum·</strong></span> <span class='ocrx_word' id='word_1_115' title='bbox 813 1527 879 1585; x_wconf 79' lang='lat' dir='ltr'><strong>vero</strong></span> <span class='ocrx_word' id='word_1_116' title='bbox 894 1530 977 1588; x_wconf 90' lang='lat' dir='ltr'><strong>simul</strong></span> <span class='ocrx_word' id='word_1_117' title='bbox 993 1533 1029 1588; x_wconf 92' lang='lat' dir='ltr'><strong>ab</strong></span> <span class='ocrx_word' id='word_1_118' title='bbox 1044 1533 1109 1590; x_wconf 91' lang='lat' dir='ltr'><strong>hos·</strong></span> 
     </span>
     <span class='ocr_line' id='line_1_15' title="bbox 132 1606 1108 1684; baseline 0.003 -18"><span class='ocrx_word' id='word_1_119' title='bbox 132 1610 220 1678; x_wconf 89' lang='lat' dir='ltr'><strong>tibus,</strong></span> <span class='ocrx_word' id='word_1_120' title='bbox 245 1609 331 1666; x_wconf 88' lang='lat' dir='ltr'><strong>simul</strong></span> <span class='ocrx_word' id='word_1_121' title='bbox 354 1610 389 1666; x_wconf 88' lang='lat' dir='ltr'><strong>ab</strong></span> <span class='ocrx_word' id='word_1_122' title='bbox 412 1608 562 1682; x_wconf 89' lang='lat' dir='ltr'><strong>iniquitate</strong></span> <span class='ocrx_word' id='word_1_123' title='bbox 585 1607 714 1664; x_wconf 90' lang='lat' dir='ltr'><strong>locorum</strong></span> <span class='ocrx_word' id='word_1_124' title='bbox 742 1606 825 1664; x_wconf 90' lang='lat' dir='ltr'><strong>Poeni</strong></span> <span class='ocrx_word' id='word_1_125' title='bbox 851 1611 1108 1684; x_wconf 80' lang='lat' dir='ltr'><strong>oppugnabantu13</strong></span> 
     </span>
     <span class='ocr_line' id='line_1_16' title="bbox 102 1687 1110 1767; baseline 0.005 -25"><span class='ocrx_word' id='word_1_126' title='bbox 102 1689 254 1765; x_wconf 84' lang='lat' dir='ltr'><strong>1⁵plusque</strong></span> <span class='ocrx_word' id='word_1_127' title='bbox 280 1689 354 1746; x_wconf 92' lang='lat' dir='ltr'><strong>inter</strong></span> <span class='ocrx_word' id='word_1_128' title='bbox 378 1689 454 1764; x_wconf 89' lang='lat' dir='ltr'><strong>ipsos</strong></span> <span class='ocrx_word' id='word_1_129' title='bbox 470 1687 538 1763; x_wconf 90' lang='lat' dir='ltr'><strong>(sibi</strong></span> <span class='ocrx_word' id='word_1_130' title='bbox 551 1705 664 1762; x_wconf 92' lang='lat' dir='ltr'><strong>quoque</strong></span> <span class='ocrx_word' id='word_1_131' title='bbox 681 1687 830 1767; x_wconf 77' lang='lat' dir='ltr'><strong>tendente,</strong></span> <span class='ocrx_word' id='word_1_132' title='bbox 845 1697 877 1743; x_wconf 92' lang='lat' dir='ltr'><strong>ut</strong></span> <span class='ocrx_word' id='word_1_133' title='bbox 890 1688 1018 1762; x_wconf 89' lang='lat' dir='ltr'><strong>periculo</strong></span> <span class='ocrx_word' id='word_1_134' title='bbox 1031 1687 1110 1764; x_wconf 78' lang='lat' dir='ltr'><strong>priris</strong></span> 
     </span>
     <span class='ocr_line' id='line_1_17' title="bbox 133 1759 1111 1845; baseline 0.003 -22"><span class='ocrx_word' id='word_1_135' title='bbox 133 1770 293 1845; x_wconf 89' lang='lat' dir='ltr'><strong>evaderet),</strong></span> <span class='ocrx_word' id='word_1_136' title='bbox 308 1768 394 1843; x_wconf 70' lang='lat' dir='ltr'><strong>quam</strong></span> <span class='ocrx_word' id='word_1_137' title='bbox 407 1787 475 1825; x_wconf 89' lang='lat' dir='ltr'><strong>curn</strong></span> <span class='ocrx_word' id='word_1_138' title='bbox 489 1767 629 1833; x_wconf 90' lang='lat' dir='ltr'><strong>hostibus,</strong></span> <span class='ocrx_word' id='word_1_139' title='bbox 640 1786 687 1823; x_wconf 90' lang='lat' dir='ltr'><strong>cer</strong></span> <span class='ocrx_word' id='word_1_140' title='bbox 702 1759 807 1824; x_wconf 85' lang='lat' dir='ltr'><strong>aminis</strong></span> <span class='ocrx_word' id='word_1_141' title='bbox 821 1778 890 1823; x_wconf 88' lang='lat' dir='ltr'><strong>erat.</strong></span> <span class='ocrx_word' id='word_1_142' title='bbox 932 1766 1007 1843; x_wconf 88' lang='lat' dir='ltr'><strong>Equi</strong></span> <span class='ocrx_word' id='word_1_143' title='bbox 1021 1767 1111 1826; x_wconf 82' lang='lat' dir='ltr'><strong>maxi·</strong></span> 
     </span>
     <span class='ocr_line' id='line_1_18' title="bbox 133 1845 1110 1930; baseline 0 -26"><span class='ocrx_word' id='word_1_144' title='bbox 133 1847 178 1904; x_wconf 70' lang='lat' dir='ltr'><strong>me</strong></span> <span class='ocrx_word' id='word_1_145' title='bbox 193 1848 330 1930; x_wconf 59' lang='lat' dir='ltr'><strong>inser-stum</strong></span> <span class='ocrx_word' id='word_1_146' title='bbox 356 1867 461 1925; x_wconf 86' lang='lat' dir='ltr'><strong>agmen</strong></span> <span class='ocrx_word' id='word_1_147' title='bbox 484 1847 639 1918; x_wconf 82' lang='lat' dir='ltr'><strong>faciebant,</strong></span> <span class='ocrx_word' id='word_1_148' title='bbox 663 1847 711 1921; x_wconf 94' lang='lat' dir='ltr'><strong>qui</strong></span> <span class='ocrx_word' id='word_1_149' title='bbox 736 1858 765 1903; x_wconf 89' lang='lat' dir='ltr'><strong>et</strong></span> <span class='ocrx_word' id='word_1_150' title='bbox 790 1845 963 1904; x_wconf 90' lang='lat' dir='ltr'><strong>clamoribus</strong></span> <span class='ocrx_word' id='word_1_151' title='bbox 977 1847 1110 1916; x_wconf 88' lang='lat' dir='ltr'><strong>dissonis,</strong></span> 
     </span>
     <span class='ocr_line' id='line_1_19' title="bbox 133 1921 1111 2002; baseline 0.002 -19"><span class='ocrx_word' id='word_1_152' title='bbox 133 1943 204 2001; x_wconf 89' lang='lat' dir='ltr'><strong>quos</strong></span> <span class='ocrx_word' id='word_1_153' title='bbox 219 1921 344 1988; x_wconf 66' lang='lat' dir='ltr'><strong>,nemora</strong></span> <span class='ocrx_word' id='word_1_154' title='bbox 368 1927 455 1984; x_wconf 90' lang='lat' dir='ltr'><strong>etiam</strong></span> <span class='ocrx_word' id='word_1_155' title='bbox 480 1944 711 2001; x_wconf 87' lang='lat' dir='ltr'><strong>repercussaeque</strong></span> <span class='ocrx_word' id='word_1_156' title='bbox 736 1925 823 1984; x_wconf 77' lang='lat' dir='ltr'><strong>valles</strong></span> <span class='ocrx_word' id='word_1_157' title='bbox 845 1927 999 2002; x_wconf 88' lang='lat' dir='ltr'><strong>augebant,</strong></span> <span class='ocrx_word' id='word_1_158' title='bbox 1021 1927 1111 1985; x_wconf 88' lang='lat' dir='ltr'><strong>territi</strong></span> 
     </span>
     <span class='ocr_line' id='line_1_20' title="bbox 135 2004 1112 2082; baseline 0.003 -20"><span class='ocrx_word' id='word_1_159' title='bbox 135 2007 337 2082; x_wconf 83' lang='lat' dir='ltr'><strong>trepidabant3</strong></span> <span class='ocrx_word' id='word_1_160' title='bbox 358 2017 387 2064; x_wconf 90' lang='lat' dir='ltr'><strong>et</strong></span> <span class='ocrx_word' id='word_1_161' title='bbox 408 2006 459 2064; x_wconf 91' lang='lat' dir='ltr'><strong>icti</strong></span> <span class='ocrx_word' id='word_1_162' title='bbox 483 2004 555 2063; x_wconf 71' lang='lat' dir='ltr'><strong>forte</strong></span> <span class='ocrx_word' id='word_1_163' title='bbox 578 2015 628 2062; x_wconf 90' lang='lat' dir='ltr'><strong>aut</strong></span> <span class='ocrx_word' id='word_1_164' title='bbox 647 2005 787 2062; x_wconf 89' lang='lat' dir='ltr'><strong>vulnerati</strong></span> <span class='ocrx_word' id='word_1_165' title='bbox 802 2004 873 2062; x_wconf 81' lang='lat' dir='ltr'><strong>aded</strong></span> <span class='ocrx_word' id='word_1_166' title='bbox 887 2007 1112 2076; x_wconf 84' lang='lat' dir='ltr'><strong>consternaban-</strong></span> 
     </span>
     <span class='ocr_line' id='line_1_21' title="bbox 103 2083 1210 2162; baseline 0.005 -22"><span class='ocrx_word' id='word_1_167' title='bbox 103 2092 191 2158; x_wconf 72' lang='lat' dir='ltr'><strong>autur,</strong></span> <span class='ocrx_word' id='word_1_168' title='bbox 213 2097 246 2144; x_wconf 90' lang='lat' dir='ltr'><strong>ut</strong></span> <span class='ocrx_word' id='word_1_169' title='bbox 269 2097 392 2162; x_wconf 88' lang='lat' dir='ltr'><strong>stragem</strong></span> <span class='ocrx_word' id='word_1_170' title='bbox 417 2086 565 2162; x_wconf 89' lang='lat' dir='ltr'><strong>ingentem</strong></span> <span class='ocrx_word' id='word_1_171' title='bbox 587 2083 671 2141; x_wconf 90' lang='lat' dir='ltr'><strong>simul</strong></span> <span class='ocrx_word' id='word_1_172' title='bbox 693 2084 842 2142; x_wconf 89' lang='lat' dir='ltr'><strong>hominum</strong></span> <span class='ocrx_word' id='word_1_173' title='bbox 870 2104 905 2142; x_wconf 88' lang='lat' dir='ltr'><strong>ac</strong></span> <span class='ocrx_word' id='word_1_174' title='bbox 932 2085 1111 2145; x_wconf 85' lang='lat' dir='ltr'><strong>sarcinarum</strong></span> <span class='ocrx_word' id='word_1_175' title='bbox 1203 2083 1210 2102; x_wconf 86' lang='lat'><strong><em>‘</em></strong></span> 
     </span>
     <span class='ocr_line' id='line_1_22' title="bbox 136 2164 1113 2242; baseline 0.005 -22"><span class='ocrx_word' id='word_1_176' title='bbox 136 2166 229 2223; x_wconf 90' lang='lat' dir='ltr'><strong>omnis</strong></span> <span class='ocrx_word' id='word_1_177' title='bbox 243 2167 365 2242; x_wconf 22' lang='lat' dir='ltr'><strong>generis·</strong></span> <span class='ocrx_word' id='word_1_178' title='bbox 383 2166 528 2222; x_wconf 87' lang='lat' dir='ltr'><strong>facerent:</strong></span> <span class='ocrx_word' id='word_1_179' title='bbox 550 2165 710 2239; x_wconf 91' lang='lat' dir='ltr'><strong>multosque</strong></span> <span class='ocrx_word' id='word_1_180' title='bbox 732 2164 825 2237; x_wconf 87' lang='lat' dir='ltr'><strong>turba,</strong></span> <span class='ocrx_word' id='word_1_181' title='bbox 847 2166 1113 2242; x_wconf 83' lang='lat' dir='ltr'><strong>quumpraecipites</strong></span> 
     </span>
     <span class='ocr_line' id='line_1_23' title="bbox 136 2243 1113 2321; baseline 0.004 -22"><span class='ocrx_word' id='word_1_182' title='bbox 136 2243 318 2321; x_wconf 88' lang='lat' dir='ltr'><strong>deruptaeque</strong></span> <span class='ocrx_word' id='word_1_183' title='bbox 333 2245 475 2320; x_wconf 88' lang='lat' dir='ltr'><strong>utrimque</strong></span> <span class='ocrx_word' id='word_1_184' title='bbox 497 2245 637 2320; x_wconf 86' lang='lat' dir='ltr'><strong>angustiae</strong></span> <span class='ocrx_word' id='word_1_185' title='bbox 658 2255 765 2317; x_wconf 89' lang='lat' dir='ltr'><strong>essent,</strong></span> <span class='ocrx_word' id='word_1_186' title='bbox 780 2244 810 2300; x_wconf 93' lang='lat' dir='ltr'><strong>in</strong></span> <span class='ocrx_word' id='word_1_187' title='bbox 829 2244 1003 2302; x_wconf 81' lang='lat' dir='ltr'><strong>immensum</strong></span> <span class='ocrx_word' id='word_1_188' title='bbox 1017 2245 1113 2303; x_wconf 87' lang='lat' dir='ltr'><strong>altitu-</strong></span> 
     </span>
     <span class='ocr_line' id='line_1_24' title="bbox 136 2321 1112 2399; baseline 0.005 -21"><span class='ocrx_word' id='word_1_189' title='bbox 136 2321 212 2380; x_wconf 91' lang='lat' dir='ltr'><strong>dinis</strong></span> <span class='ocrx_word' id='word_1_190' title='bbox 240 2325 363 2399; x_wconf 81' lang='lat' dir='ltr'><strong>dejecit3</strong></span> <span class='ocrx_word' id='word_1_191' title='bbox 391 2325 531 2399; x_wconf 91' lang='lat' dir='ltr'><strong>quosdam</strong></span> <span class='ocrx_word' id='word_1_192' title='bbox 552 2334 581 2381; x_wconf 90' lang='lat' dir='ltr'><strong>et</strong></span> <span class='ocrx_word' id='word_1_193' title='bbox 603 2333 744 2382; x_wconf 88' lang='lat' dir='ltr'><strong>armatos:</strong></span> <span class='ocrx_word' id='word_1_194' title='bbox 776 2325 838 2392; x_wconf 84' lang='lat' dir='ltr'><strong>sed,</strong></span> <span class='ocrx_word' id='word_1_195' title='bbox 862 2325 954 2384; x_wconf 84' lang='lat' dir='ltr'><strong>ruinae</strong></span> <span class='ocrx_word' id='word_1_196' title='bbox 978 2325 1112 2383; x_wconf 80' lang='lat' dir='ltr'><strong>maximae</strong></span> 
     </span>
     <span class='ocr_line' id='line_1_25' title="bbox 136 2400 1113 2480; baseline 0.006 -23"><span class='ocrx_word' id='word_1_197' title='bbox 136 2400 232 2468; x_wconf 91' lang='lat' dir='ltr'><strong>modo,</strong></span> <span class='ocrx_word' id='word_1_198' title='bbox 252 2403 383 2478; x_wconf 85' lang='lat' dir='ltr'><strong>jumenta</strong></span> <span class='ocrx_word' id='word_1_199' title='bbox 403 2422 471 2461; x_wconf 91' lang='lat' dir='ltr'><strong>cum</strong></span> <span class='ocrx_word' id='word_1_200' title='bbox 491 2403 626 2459; x_wconf 90' lang='lat' dir='ltr'><strong>oneribus</strong></span> <span class='ocrx_word' id='word_1_201' title='bbox 650 2403 881 2461; x_wconf 88' lang='lat' dir='ltr'><strong>devolvebantur.</strong></span> <span class='ocrx_word' id='word_1_202' title='bbox 922 2404 999 2465; x_wconf 81' lang='lat' dir='ltr'><strong>Quae</strong></span> <span class='ocrx_word' id='word_1_203' title='bbox 1013 2423 1113 2480; x_wconf 88' lang='lat' dir='ltr'><strong>quam-</strong></span> 
     </span>
     <span class='ocr_line' id='line_1_26' title="bbox 102 2481 1113 2556; baseline 0.008 -20"><span class='ocrx_word' id='word_1_204' title='bbox 102 2487 126 2527; x_wconf 67' lang='lat'><strong>25</strong></span> <span class='ocrx_word' id='word_1_205' title='bbox 136 2497 224 2554; x_wconf 88' lang='lat' dir='ltr'><strong>quam</strong></span> <span class='ocrx_word' id='word_1_206' title='bbox 238 2481 315 2537; x_wconf 90' lang='lat' dir='ltr'><strong>soeda</strong></span> <span class='ocrx_word' id='word_1_207' title='bbox 335 2481 400 2537; x_wconf 88' lang='lat' dir='ltr'><strong>visu</strong></span> <span class='ocrx_word' id='word_1_208' title='bbox 423 2490 515 2551; x_wconf 87' lang='lat' dir='ltr'><strong>erant,</strong></span> <span class='ocrx_word' id='word_1_209' title='bbox 529 2481 606 2537; x_wconf 88' lang='lat' dir='ltr'><strong>stetit</strong></span> <span class='ocrx_word' id='word_1_210' title='bbox 625 2500 778 2556; x_wconf 89' lang='lat' dir='ltr'><strong>parumper</strong></span> <span class='ocrx_word' id='word_1_211' title='bbox 791 2493 889 2539; x_wconf 88' lang='lat' dir='ltr'><strong>tamen</strong></span> <span class='ocrx_word' id='word_1_212' title='bbox 903 2483 1063 2556; x_wconf 86' lang='lat' dir='ltr'><strong>Hannibal,</strong></span> <span class='ocrx_word' id='word_1_213' title='bbox 1077 2503 1113 2544; x_wconf 85' lang='lat' dir='ltr'><strong>ac</strong></span> 
     </span>
     <span class='ocr_line' id='line_1_27' title="bbox 136 2559 1114 2636; baseline 0.005 -22"><span class='ocrx_word' id='word_1_214' title='bbox 136 2577 204 2617; x_wconf 91' lang='lat' dir='ltr'><strong>suos</strong></span> <span class='ocrx_word' id='word_1_215' title='bbox 239 2560 392 2626; x_wconf 84' lang='lat' dir='ltr'><strong>continuit,</strong></span> <span class='ocrx_word' id='word_1_216' title='bbox 426 2578 464 2615; x_wconf 90' lang='lat' dir='ltr'><strong>ne</strong></span> <span class='ocrx_word' id='word_1_217' title='bbox 487 2559 642 2617; x_wconf 90' lang='lat' dir='ltr'><strong>tumultum</strong></span> <span class='ocrx_word' id='word_1_218' title='bbox 667 2578 702 2615; x_wconf 90' lang='lat' dir='ltr'><strong>ac</strong></span> <span class='ocrx_word' id='word_1_219' title='bbox 728 2561 948 2635; x_wconf 89' lang='lat' dir='ltr'><strong>trepidationem</strong></span> <span class='ocrx_word' id='word_1_220' title='bbox 975 2571 1114 2636; x_wconf 76' lang='lat' dir='ltr'><strong>augeretr</strong></span> 
     </span>
     <span class='ocr_line' id='line_1_28' title="bbox 136 2637 1113 2729; baseline 0.004 -36"><span class='ocrx_word' id='word_1_221' title='bbox 136 2637 255 2708; x_wconf 90' lang='lat' dir='ltr'><strong>deinde,</strong></span> <span class='ocrx_word' id='word_1_222' title='bbox 279 2649 429 2715; x_wconf 87' lang='lat' dir='ltr'><strong>postquam</strong></span> <span class='ocrx_word' id='word_1_223' title='bbox 454 2638 622 2713; x_wconf 89' lang='lat' dir='ltr'><strong>interrumpi</strong></span> <span class='ocrx_word' id='word_1_224' title='bbox 654 2652 759 2713; x_wconf 86' lang='lat' dir='ltr'><strong>agmen</strong></span> <span class='ocrx_word' id='word_1_225' title='bbox 783 2639 862 2710; x_wconf 89' lang='lat' dir='ltr'><strong>vidit,</strong></span> <span class='ocrx_word' id='word_1_226' title='bbox 880 2675 883 2680; x_wconf 88' lang='lat'>·</span> <span class='ocrx_word' id='word_1_227' title='bbox 898 2639 1113 2729; x_wconf 85' lang='lat' dir='ltr'><strong>periculumque</strong></span> 
     </span>
     <span class='ocr_line' id='line_1_29' title="bbox 137 2716 1115 2793; baseline 0.004 -20"><span class='ocrx_word' id='word_1_228' title='bbox 137 2735 210 2787; x_wconf 92' lang='lat' dir='ltr'><strong>esse,</strong></span> <span class='ocrx_word' id='word_1_229' title='bbox 226 2738 264 2776; x_wconf 89' lang='lat' dir='ltr'><strong>ne</strong></span> <span class='ocrx_word' id='word_1_230' title='bbox 278 2729 396 2776; x_wconf 85' lang='lat' dir='ltr'><strong>exutum</strong></span> <span class='ocrx_word' id='word_1_231' title='bbox 420 2716 634 2792; x_wconf 89' lang='lat' dir='ltr'><strong>impedimentis</strong></span> <span class='ocrx_word' id='word_1_232' title='bbox 655 2717 813 2774; x_wconf 87' lang='lat' dir='ltr'><strong>exercitum</strong></span> <span class='ocrx_word' id='word_1_233' title='bbox 828 2719 1020 2793; x_wconf 90' lang='lat' dir='ltr'><strong>nequidquam</strong></span> <span class='ocrx_word' id='word_1_234' title='bbox 1035 2719 1115 2778; x_wconf 89' lang='lat' dir='ltr'><strong>in&#39;co·</strong></span> 
     </span>
     <span class='ocr_line' id='line_1_30' title="bbox 137 2794 1114 2875; baseline 0.006 -24"><span class='ocrx_word' id='word_1_235' title='bbox 137 2794 246 2856; x_wconf 89' lang='lat' dir='ltr'><strong>lumem</strong></span> <span class='ocrx_word' id='word_1_236' title='bbox 261 2798 442 2869; x_wconf 89' lang='lat' dir='ltr'><strong>traduxisset,</strong></span> <span class='ocrx_word' id='word_1_237' title='bbox 457 2796 585 2853; x_wconf 89' lang='lat' dir='ltr'><strong>decurrit</strong></span> <span class='ocrx_word' id='word_1_238' title='bbox 595 2815 632 2854; x_wconf 88' lang='lat' dir='ltr'><strong>ex</strong></span> <span class='ocrx_word' id='word_1_239' title='bbox 646 2796 791 2872; x_wconf 90' lang='lat' dir='ltr'><strong>superiore</strong></span> <span class='ocrx_word' id='word_1_240' title='bbox 804 2797 886 2866; x_wconf 83' lang='lat' dir='ltr'><strong>loc03</strong></span> <span class='ocrx_word' id='word_1_241' title='bbox 907 2808 944 2868; x_wconf 86' lang='lat' dir='ltr'><strong>et,</strong></span> <span class='ocrx_word' id='word_1_242' title='bbox 960 2817 1047 2875; x_wconf 91' lang='lat' dir='ltr'><strong>quum</strong></span> <span class='ocrx_word' id='word_1_243' title='bbox 1063 2799 1114 2858; x_wconf 91' lang='lat' dir='ltr'><strong>im·</strong></span> 
     </span>
     <span class='ocr_line' id='line_1_31' title="bbox 106 2876 1113 2954; baseline 0.005 -21"><span class='ocrx_word' id='word_1_244' title='bbox 106 2885 206 2950; x_wconf 66' lang='lat' dir='ltr'><strong>opatu</strong></span> <span class='ocrx_word' id='word_1_245' title='bbox 234 2879 295 2954; x_wconf 90' lang='lat' dir='ltr'><strong>ipso</strong></span> <span class='ocrx_word' id='word_1_246' title='bbox 323 2878 443 2935; x_wconf 86' lang='lat' dir='ltr'><strong>fudisset</strong></span> <span class='ocrx_word' id='word_1_247' title='bbox 470 2877 592 2949; x_wconf 91' lang='lat' dir='ltr'><strong>hostem,</strong></span> <span class='ocrx_word' id='word_1_248' title='bbox 620 2876 679 2933; x_wconf 90' lang='lat' dir='ltr'><strong>suis</strong></span> <span class='ocrx_word' id='word_1_249' title='bbox 706 2895 819 2951; x_wconf 92' lang='lat' dir='ltr'><strong>quoque</strong></span> <span class='ocrx_word' id='word_1_250' title='bbox 845 2877 1001 2935; x_wconf 90' lang='lat' dir='ltr'><strong>tumultum</strong></span> <span class='ocrx_word' id='word_1_251' title='bbox 1025 2879 1113 2938; x_wconf 82' lang='lat' dir='ltr'><strong>auxit.</strong></span> 
     </span>
     <span class='ocr_line' id='line_1_32' title="bbox 140 2955 1115 3031; baseline 0.007 -21"><span class='ocrx_word' id='word_1_252' title='bbox 140 2955 198 3014; x_wconf 86' lang='lat' dir='ltr'><strong>Sed</strong></span> <span class='ocrx_word' id='word_1_253' title='bbox 211 2959 236 3015; x_wconf 90' lang='lat' dir='ltr'><strong>is</strong></span> <span class='ocrx_word' id='word_1_254' title='bbox 249 2957 388 3014; x_wconf 90' lang='lat' dir='ltr'><strong>tumultus</strong></span> <span class='ocrx_word' id='word_1_255' title='bbox 403 2967 550 3014; x_wconf 91' lang='lat' dir='ltr'><strong>momento</strong></span> <span class='ocrx_word' id='word_1_256' title='bbox 563 2955 708 3031; x_wconf 89' lang='lat' dir='ltr'><strong>temporis,</strong></span> <span class='ocrx_word' id='word_1_257' title='bbox 728 2967 876 3031; x_wconf 90' lang='lat' dir='ltr'><strong>postquam</strong></span> <span class='ocrx_word' id='word_1_258' title='bbox 898 2957 1018 3016; x_wconf 85' lang='lat' dir='ltr'><strong>liberata</strong></span> <span class='ocrx_word' id='word_1_259' title='bbox 1030 2959 1115 3018; x_wconf 90' lang='lat' dir='ltr'><strong>itine-</strong></span> 
     </span>
     <span class='ocr_line' id='line_1_33' title="bbox 140 3037 1114 3114; baseline 0.006 -24"><span class='ocrx_word' id='word_1_260' title='bbox 140 3051 171 3091; x_wconf 88' lang='lat' dir='ltr'><strong>ra</strong></span> <span class='ocrx_word' id='word_1_261' title='bbox 192 3037 263 3112; x_wconf 68' lang='lat' dir='ltr'><strong>fuga</strong></span> <span class='ocrx_word' id='word_1_262' title='bbox 287 3047 486 3094; x_wconf 88' lang='lat' dir='ltr'><strong>montanorum</strong></span> <span class='ocrx_word' id='word_1_263' title='bbox 509 3046 601 3108; x_wconf 89' lang='lat' dir='ltr'><strong>erant,</strong></span> <span class='ocrx_word' id='word_1_264' title='bbox 616 3037 751 3106; x_wconf 89' lang='lat' dir='ltr'><strong>sedatur:</strong></span> <span class='ocrx_word' id='word_1_265' title='bbox 774 3055 829 3094; x_wconf 89' lang='lat' dir='ltr'><strong>nec</strong></span> <span class='ocrx_word' id='word_1_266' title='bbox 849 3055 900 3112; x_wconf 91' lang='lat' dir='ltr'><strong>per</strong></span> <span class='ocrx_word' id='word_1_267' title='bbox 913 3038 1004 3096; x_wconf 90' lang='lat' dir='ltr'><strong>otium</strong></span> <span class='ocrx_word' id='word_1_268' title='bbox 1018 3038 1114 3114; x_wconf 82' lang='lat' dir='ltr'><strong>modd,</strong></span> 
     </span>
     <span class='ocr_line' id='line_1_34' title="bbox 140 3113 1114 3192; baseline 0.007 -23"><span class='ocrx_word' id='word_1_269' title='bbox 140 3115 190 3170; x_wconf 91' lang='lat' dir='ltr'><strong>sed</strong></span> <span class='ocrx_word' id='word_1_270' title='bbox 215 3115 303 3192; x_wconf 74' lang='lat' dir='ltr'><strong>prope</strong></span> <span class='ocrx_word' id='word_1_271' title='bbox 329 3116 452 3189; x_wconf 91' lang='lat' dir='ltr'><strong>silentio,</strong></span> <span class='ocrx_word' id='word_1_272' title='bbox 476 3133 544 3172; x_wconf 84' lang='lat' dir='ltr'><strong>mox</strong></span> <span class='ocrx_word' id='word_1_273' title='bbox 564 3134 665 3172; x_wconf 90' lang='lat' dir='ltr'><strong>omnes</strong></span> <span class='ocrx_word' id='word_1_274' title='bbox 689 3115 822 3173; x_wconf 91' lang='lat' dir='ltr'><strong>traducti.</strong></span> <span class='ocrx_word' id='word_1_275' title='bbox 856 3113 1021 3177; x_wconf 71' lang='lat' dir='ltr'><strong>Castellum</strong></span> <span class='ocrx_word' id='word_1_276' title='bbox 1036 3117 1114 3192; x_wconf 89' lang='lat' dir='ltr'><strong>inde,</strong></span> 
     </span>
     <span class='ocr_line' id='line_1_35' title="bbox 141 3193 1114 3274; baseline 0.007 -25"><span class='ocrx_word' id='word_1_277' title='bbox 141 3196 215 3265; x_wconf 91' lang='lat' dir='ltr'><strong>quod</strong></span> <span class='ocrx_word' id='word_1_278' title='bbox 231 3205 318 3271; x_wconf 89' lang='lat' dir='ltr'><strong>caput</strong></span> <span class='ocrx_word' id='word_1_279' title='bbox 331 3195 393 3271; x_wconf 90' lang='lat' dir='ltr'><strong>ejus</strong></span> <span class='ocrx_word' id='word_1_280' title='bbox 404 3195 531 3271; x_wconf 90' lang='lat' dir='ltr'><strong>regionis</strong></span> <span class='ocrx_word' id='word_1_281' title='bbox 545 3204 615 3267; x_wconf 90' lang='lat' dir='ltr'><strong>erat,</strong></span> <span class='ocrx_word' id='word_1_282' title='bbox 630 3193 796 3270; x_wconf 90' lang='lat' dir='ltr'><strong>viculosque</strong></span> <span class='ocrx_word' id='word_1_283' title='bbox 811 3195 1013 3273; x_wconf 90' lang='lat' dir='ltr'><strong>circumjectos</strong></span> <span class='ocrx_word' id='word_1_284' title='bbox 1027 3199 1114 3274; x_wconf 90' lang='lat' dir='ltr'><strong>capit,</strong></span> 
     </span>
     <span class='ocr_line' id='line_1_36' title="bbox 109 3274 1116 3350; baseline 0.009 -24"><span class='ocrx_word' id='word_1_285' title='bbox 109 3280 170 3327; x_wconf 77' lang='lat' dir='ltr'><strong>sset</strong></span> <span class='ocrx_word' id='word_1_286' title='bbox 190 3276 367 3350; x_wconf 76' lang='lat' dir='ltr'><strong>captiuorum</strong></span> <span class='ocrx_word' id='word_1_287' title='bbox 388 3274 543 3350; x_wconf 86' lang='lat' dir='ltr'><strong>pecoribus</strong></span> <span class='ocrx_word' id='word_1_288' title='bbox 565 3292 615 3348; x_wconf 91' lang='lat' dir='ltr'><strong>per</strong></span> <span class='ocrx_word' id='word_1_289' title='bbox 636 3274 764 3332; x_wconf 89' lang='lat' dir='ltr'><strong>triduum</strong></span> <span class='ocrx_word' id='word_1_290' title='bbox 788 3275 947 3338; x_wconf 83' lang='lat' dir='ltr'><strong>exercitum</strong></span> <span class='ocrx_word' id='word_1_291' title='bbox 972 3277 1064 3335; x_wconf 88' lang='lat' dir='ltr'><strong>aluit:</strong></span> <span class='ocrx_word' id='word_1_292' title='bbox 1086 3289 1116 3336; x_wconf 90' lang='lat' dir='ltr'><strong>et</strong></span> 
     </span>
     <span class='ocr_line' id='line_1_37' title="bbox 140 3351 1115 3433; baseline 0.009 -27"><span class='ocrx_word' id='word_1_293' title='bbox 140 3351 208 3423; x_wconf 88' lang='lat' dir='ltr'><strong>quia</strong></span> <span class='ocrx_word' id='word_1_294' title='bbox 221 3371 278 3410; x_wconf 89' lang='lat' dir='ltr'><strong>nec</strong></span> <span class='ocrx_word' id='word_1_295' title='bbox 291 3353 435 3410; x_wconf 89' lang='lat' dir='ltr'><strong>montanis</strong></span> <span class='ocrx_word' id='word_1_296' title='bbox 449 3352 541 3426; x_wconf 79' lang='lat' dir='ltr'><strong>primo</strong></span> <span class='ocrx_word' id='word_1_297' title='bbox 564 3352 715 3426; x_wconf 89' lang='lat' dir='ltr'><strong>perculsis,</strong></span> <span class='ocrx_word' id='word_1_298' title='bbox 729 3373 785 3412; x_wconf 91' lang='lat' dir='ltr'><strong>uec</strong></span> <span class='ocrx_word' id='word_1_299' title='bbox 800 3354 864 3412; x_wconf 91' lang='lat' dir='ltr'><strong>loco</strong></span> <span class='ocrx_word' id='word_1_300' title='bbox 879 3375 1052 3433; x_wconf 91' lang='lat' dir='ltr'><strong>magnopere</strong></span> <span class='ocrx_word' id='word_1_301' title='bbox 1062 3356 1115 3415; x_wconf 90' lang='lat' dir='ltr'><strong>im·</strong></span> 
     </span>
     <span class='ocr_line' id='line_1_38' title="bbox 140 3430 915 3506; baseline 0.005 -18"><span class='ocrx_word' id='word_1_302' title='bbox 140 3430 339 3502; x_wconf 84' lang='lat' dir='ltr'><strong>pediebantur‚</strong></span> <span class='ocrx_word' id='word_1_303' title='bbox 354 3432 532 3506; x_wconf 88' lang='lat' dir='ltr'><strong>aliquantum</strong></span> <span class='ocrx_word' id='word_1_304' title='bbox 546 3449 581 3487; x_wconf 90' lang='lat' dir='ltr'><strong>eo</strong></span> <span class='ocrx_word' id='word_1_305' title='bbox 591 3430 685 3490; x_wconf 90' lang='lat' dir='ltr'><strong>triduo</strong></span> <span class='ocrx_word' id='word_1_306' title='bbox 699 3432 752 3490; x_wconf 87' lang='lat' dir='ltr'><strong>viae</strong></span> <span class='ocrx_word' id='word_1_307' title='bbox 766 3431 915 3492; x_wconf 78' lang='lat' dir='ltr'><strong>confecit&#39;</strong></span> 
     </span>
     <span class='ocr_line' id='line_1_39' title="bbox 75 3539 1116 3669; baseline 0.006 -23"><span class='ocrx_word' id='word_1_308' title='bbox 75 3539 110 3646; x_wconf 55' lang='lat' dir='ltr'><strong>&gt;l</strong></span> <span class='ocrx_word' id='word_1_309' title='bbox 191 3588 340 3648; x_wconf 90' lang='lat' dir='ltr'>XXXIV.</span> <span class='ocrx_word' id='word_1_310' title='bbox 373 3587 548 3663; x_wconf 77' lang='lat' dir='ltr'><strong>Perventum</strong></span> <span class='ocrx_word' id='word_1_311' title='bbox 578 3589 647 3648; x_wconf 91' lang='lat' dir='ltr'><strong>inde</strong></span> <span class='ocrx_word' id='word_1_312' title='bbox 681 3593 717 3651; x_wconf 91' lang='lat' dir='ltr'><strong>ad</strong></span> <span class='ocrx_word' id='word_1_313' title='bbox 751 3592 930 3669; x_wconf 88' lang='lat' dir='ltr'><strong>frequentem</strong></span> <span class='ocrx_word' id='word_1_314' title='bbox 958 3591 1116 3652; x_wconf 86' lang='lat' dir='ltr'><strong>cultoribus</strong></span> 
     </span>
     <span class='ocr_line' id='line_1_40' title="bbox 143 3665 1115 3746; baseline 0.007 -24"><span class='ocrx_word' id='word_1_315' title='bbox 143 3665 241 3737; x_wconf 84' lang='lat' dir='ltr'><strong>alium,</strong></span> <span class='ocrx_word' id='word_1_316' title='bbox 264 3681 297 3728; x_wconf 90' lang='lat' dir='ltr'><strong>ut</strong></span> <span class='ocrx_word' id='word_1_317' title='bbox 317 3670 392 3727; x_wconf 91' lang='lat' dir='ltr'><strong>inter</strong></span> <span class='ocrx_word' id='word_1_318' title='bbox 414 3680 559 3743; x_wconf 87' lang='lat' dir='ltr'><strong>montana,</strong></span> <span class='ocrx_word' id='word_1_319' title='bbox 581 3671 726 3746; x_wconf 92' lang='lat' dir='ltr'><strong>populum.</strong></span> <span class='ocrx_word' id='word_1_320' title='bbox 768 3673 814 3730; x_wconf 93' lang='lat' dir='ltr'><strong>Ibi</strong></span> <span class='ocrx_word' id='word_1_321' title='bbox 839 3692 897 3730; x_wconf 89' lang='lat' dir='ltr'><strong>nou</strong></span> <span class='ocrx_word' id='word_1_322' title='bbox 910 3669 986 3727; x_wconf 93' lang='lat' dir='ltr'><strong>bello</strong></span> <span class='ocrx_word' id='word_1_323' title='bbox 1007 3681 1115 3746; x_wconf 90' lang='lat' dir='ltr'><strong>aperto,</strong></span> 
     </span>
     <span class='ocr_line' id='line_1_41' title="bbox 109 3746 1117 3824; baseline 0.011 -27"><span class='ocrx_word' id='word_1_324' title='bbox 109 3746 193 3802; x_wconf 77' lang='lat' dir='ltr'><strong>ared</strong></span> <span class='ocrx_word' id='word_1_325' title='bbox 215 3749 274 3806; x_wconf 88' lang='lat' dir='ltr'><strong>suis</strong></span> <span class='ocrx_word' id='word_1_326' title='bbox 299 3749 416 3820; x_wconf 85' lang='lat' dir='ltr'><strong>artibus,</strong></span> <span class='ocrx_word' id='word_1_327' title='bbox 436 3748 548 3820; x_wconf 72' lang='lat' dir='ltr'><strong>fraude,</strong></span> <span class='ocrx_word' id='word_1_328' title='bbox 568 3750 674 3808; x_wconf 88' lang='lat' dir='ltr'><strong>deinde</strong></span> <span class='ocrx_word' id='word_1_329' title='bbox 688 3750 810 3824; x_wconf 88' lang='lat' dir='ltr'><strong>insidiis,</strong></span> <span class='ocrx_word' id='word_1_330' title='bbox 825 3761 869 3809; x_wconf 89' lang='lat' dir='ltr'><strong>est</strong></span> <span class='ocrx_word' id='word_1_331' title='bbox 891 3747 977 3823; x_wconf 72' lang='lat' dir='ltr'><strong>prope</strong></span> <span class='ocrx_word' id='word_1_332' title='bbox 992 3749 1117 3808; x_wconf 87' lang='lat' dir='ltr'><strong>circum·</strong></span> 
     </span>
     <span class='ocr_line' id='line_1_42' title="bbox 143 3827 1116 3909; baseline 0.01 -29"><span class='ocrx_word' id='word_1_333' title='bbox 143 3837 252 3888; x_wconf 83' lang='lat' dir='ltr'><strong>ventus.</strong></span> <span class='ocrx_word' id='word_1_334' title='bbox 266 3827 378 3909; x_wconf 85' lang='lat' dir='ltr'><strong>Magno</strong></span> <span class='ocrx_word' id='word_1_335' title='bbox 387 3840 457 3887; x_wconf 89' lang='lat' dir='ltr'><strong>natu</strong></span> <span class='ocrx_word' id='word_1_336' title='bbox 464 3828 611 3906; x_wconf 82' lang='lat' dir='ltr'><strong>principes</strong></span> <span class='ocrx_word' id='word_1_337' title='bbox 619 3829 801 3888; x_wconf 90' lang='lat' dir='ltr'><strong>castellorum</strong></span> <span class='ocrx_word' id='word_1_338' title='bbox 811 3838 937 3886; x_wconf 88' lang='lat' dir='ltr'><strong>oratores</strong></span> <span class='ocrx_word' id='word_1_339' title='bbox 946 3828 981 3884; x_wconf 90' lang='lat' dir='ltr'><strong>ad</strong></span> <span class='ocrx_word' id='word_1_340' title='bbox 993 3827 1116 3890; x_wconf 86' lang='lat' dir='ltr'><strong>Poenum</strong></span> 
     </span>
    </p>
   </div>
   <div class='ocr_carea' id='block_1_4' title="bbox 0 0 1294 4314">
    <p class='ocr_par' dir='ltr' id='par_1_4' title="bbox 0 0 1294 4314">
     <span class='ocr_line' id='line_1_43' title="bbox 0 0 1294 4314; baseline 0 0"><span class='ocrx_word' id='word_1_341' title='bbox 0 0 1294 4314; x_wconf 95' lang='lat' dir='ltr'><strong> </strong></span> 
     </span>
    </p>
   </div>
  </div>
 </body>
</html>
