2520 4310
135 324 196 384 214
543 317 718 373 'r1T1'L1v11

135 465 228 526 dein
253 463 407 541 Pupiniam
430 463 560 522 exercitu
582 463 718 544 demisso,
741 472 808 521 octo
821 462 913 520 millia
924 482 1062 541 passuum
1076 468 1116 526 ab

136 545 232 604 noma
245 543 340 620 posuit
353 554 456 600 castra.
496 541 566 603 Qut
586 541 701 618 propiis
715 541 805 600 hostis
818 543 989 617 accedebat,
1003 545 1039 603 eb
1053 565 1116 604 rna·

134 624 179 700 jor
192 623 288 680 caedes
309 621 396 679 fiebat
421 620 603 697 fugientium,
627 620 859 697 praecedentibus
873 620 1033 680 Numidis:
1053 625 1117 700 plu-

137 719 239 776 resque
252 700 381 760 omnium
395 718 535 776 generum
549 709 634 774 atque
649 698 776 757 aetatium
795 699 994 775 capiebantur.

177 857 216 915 X.
239 857 275 915 In
289 858 345 915 hoc
369 856 493 915 tumultu
515 855 635 913 Fulvius
658 855 793 923 Flaccus,
814 858 895 932 porta
910 856 1034 932 Capena
1048 867 1149 916 cum⁵

138 936 268 996 exercitu
282 936 408 994 Romam
423 935 578 1010 ingressus,
593 934 688 991 medii
702 934 783 1005 urbe,
797 953 848 1010 per
862 934 999 1008 Carinas,
1013 937 1117 1010 Esqui-

138 1015 191 1074 lias
204 1015 354 1074 contendit
367 1034 373 1070 :
388 1014 456 1070 inde
470 1031 613 1090 egressus,
627 1013 703 1070 inter
717 1012 898 1087 Esquilinam
904 1003 1116 1088 ‘collinamque

138 1105 248 1170 portam
269 1093 363 1168 posuit
385 1102 487 1149 castra.
529 1091 642 1148 AEdiles
663 1090 755 1166 plebis
777 1100 970 1148 commeatum
988 1093 1023 1148 ed
1036 1111 1117 1150 com-

106 1207 112 1220 ·
138 1174 294 1248 porterum,
336 1169 479 1228 Consules
493 1181 668 1244 senatusque
687 1169 718 1225 in
733 1179 827 1226 castra
840 1179 999 1227 venerunt:
1021 1169 1062 1227 ibi
1077 1171 1116 1226 de

139 1252 250 1307 summa
263 1268 295 1306 re
308 1249 424 1325 publici
438 1249 639 1306 consultatum.
673 1247 795 1314 Placuit,
811 1249 944 1305 consules
958 1248 1039 1306 circa
1051 1256 1153 1324 por-1⁰

139 1339 183 1385 tas
196 1327 339 1386 Collinam
364 1327 601 1402 Esquilinamque
614 1344 721 1402 ponere
736 1337 853 1395 castra;
875 1326 909 1383 C.
925 1326 1118 1401 Calpurnium

139 1417 289 1482 pretorem
309 1407 452 1464 urbanum
475 1405 618 1481 Capitolio
637 1415 722 1479 atque
744 1405 804 1462 arci
827 1423 971 1480 praeesse3
993 1415 1023 1462 et
1036 1423 1118 1462 sena-

140 1485 393 1560 tumfrequentem
418 1483 449 1542 in
469 1484 530 1552 foro
543 1483 695 1550 contineri,
711 1483 817 1557 siquid
832 1483 1054 1540 intam·subitis
1076 1502 1120 1540 re·

141 1564 195 1621 bus
205 1564 339 1621 consulto
352 1583 424 1638 opus
447 1573 530 1619 esset.
572 1562 653 1619 Inter
677 1563 740 1618 baec
755 1559 905 1620 Hannibal
920 1563 957 1619 ad
970 1555 1119 1618 Anienem

141 1641 271 1716 fluvium,
284 1642 339 1698 tr'ia
358 1639 449 1698 millia
471 1659 607 1715 passuum
631 1640 668 1696 ab
680 1640 770 1707 Urbe,
793 1651 887 1698 castra
910 1641 1056 1698 admovit:
1079 1640 1154 1697 ibin

142 1721 251 1778 stativis
274 1720 383 1796 positis,
405 1719 466 1794 ipse
490 1737 558 1776 cum
580 1719 693 1776 duobus
715 1717 844 1778 millibus
864 1720 994 1793 equitum
1008 1738 1025 1776 a
1038 1720 1121 1793 porta

142 1799 258 1857 Collina
271 1818 360 1874 usque
385 1799 421 1856 ad
443 1797 580 1855 Herculis
601 1798 740 1876 templum
754 1808 798 1854 est
812 1817 997 1874 progressus3
1019 1808 1119 1870 atque,

142 1879 220 1936 unde
243 1877 370 1952 proxime
392 1885 513 1951 poterat,
533 1876 642 1930 moenia
668 1877 810 1948 situmque
834 1876 912 1931 urbis
945 1875 1121 1946 obequitans

143 1955 397 2029 contemplabatur.
426 1953 475 2010 ·Id
499 1971 566 2010 eum
588 1961 646 2010 tam
669 1952 792 2008 licenter
807 1962 889 2027 atque
903 1941 1119 2024 otios‘e'lsaere

144 2033 252 2094 Flacco
266 2033 418 2108 indignum
432 2032 524 2106 visum
538 2041 601 2089 est:
624 2031 719 2105 itaque
734 2031 853 2089 immisit
868 2031 991 2106 equites,
1006 2031 1122 2088 submo-
1131 2050 1156 2090 aa

126 2112 260 2188 ‚verique
288 2123 372 2185 atque
397 2111 427 2168 in
448 2122 542 2168 castra
568 2111 814 2186 redigihostium
842 2111 1002 2184 equitatum
1027 2109 1121 2185 jussit

144 2189 248 2252 Quum
261 2190 445 2249 commissum
469 2189 600 2264 proelium
624 2200 711 2257 esset,
726 2188 859 2247 consules
878 2189 1043 2264 transfugas
1057 2188 1124 2246 Nu-

146 2270 298 2336 midarum,
319 2269 453 2342 quitum
467 2268 497 2325 in
512 2268 659 2326 Aventino
683 2269 720 2325 ad
735 2267 811 2325 mille
825 2278 854 2324 et
872 2268 1015 2324 ducentos
1029 2277 1125 2338 erant,

50 2349 52 2354 '
146 2347 327 2406 mediaurbe
341 2348 461 2404 transire
476 2347 620 2422 Esquilias
630 2348 797 2424 jusserunt:
819 2346 915 2404 nullos
929 2346 1065 2422 aptiores,
1082 2345 1125 2402 in-

146 2437 189 2485 ter
202 2426 355 2506 efflalles‘
371 2436 503 2501 tectaque
525 2428 673 2484 hortorum
685 2438 715 2484 et
729 2426 862 2502 sepulcra
876 2436 926 2483 aut
939 2443 1027 2483 cavas
1041 2424 1160 2486 nudi-as

146 2514 202 2581 que
227 2506 296 2573 rias,
319 2506 355 2562 ad
381 2507 568 2581 pugnandum
592 2506 702 2564 futuros
721 2506 796 2563 rati:
818 2522 890 2574 qnos
902 2511 993 2574 quum
1007 2523 1044 2561 ex
1058 2521 1127 2560 arce

147 2585 344 2662 Capitolioque
358 2585 441 2642 Clivo
455 2583 586 2641 Publicio
599 2585 630 2639 in
650 2585 733 2656 equis
754 2580 942 2637 decurrentes
955 2578 1073 2653 quidam
1087 2577 1128 2634 vi-

147 2665 266 2735 dissent,
291 2675 407 2739 captum
430 2662 610 2721 Aventinum
633 2660 898 2718 conclamaverunt.
940 2658 985 2726 Ea
1005 2676 1051 2713 res
1065 2667 1128 2713 tan·

148 2754 209 2802 tum
222 2743 377 2802 tumultum
401 2760 435 2798 ac
450 2741 548 2816 fugam
562 2739 693 2816 praebuit,
716 2748 757 2810 ut,
772 2737 831 2794 nisi
843 2745 937 2794 castra
952 2736 1064 2793 Punica
1077 2753 1128 2791 ex·
1203 2800 1207 2808 ¹

148 2832 192 2878 tra
204 2821 305 2878 urbem
328 2820 459 2886 fuissent,
481 2819 607 2877 effusura
630 2837 661 2874 sc
675 2817 770 2876 omnis
781 2816 885 2891 pavida
899 2814 1051 2872 multitudo
1065 2813 1162 2877 fue-ao

149 2899 203 2956 rit:
225 2910 296 2956 tunc
310 2898 340 2954 in
354 2900 454 2956 domos
468 2908 551 2972 atque
574 2897 604 2955 in
625 2907 703 2954 tecta
716 2895 915 2970 refugiebant:
937 2911 1082 2970 vagosque
1096 2893 1129 2949 in

149 2977 202 3035 viis
216 2995 282 3034 suos
303 2995 354 3052 pro
377 2977 506 3034 hostibus
526 2976 670 3053 lapidibus
690 2974 812 3048 telisque
824 2972 1018 3030 incessebant.
1060 2969 1129 3030 Nec

150 3055 301 3130 comprimi
325 3055 464 3114 tumultus
488 3055 647 3134 aperirique
661 3072 738 3111 error
754 3062 874 3128 poterat,
889 3050 1004 3108 refertis
1018 3049 1129 3107 itineri-

151 3136 205 3192 bus
218 3134 373 3210 agrestium
397 3135 481 3192 turba
505 3152 706 3208 pecorumque,
719 3150 793 3206 ‚quae
815 3129 983 3206 repentinus
996 3147 1084 3203 pavor
1097 3127 1130 3183 in

151 3213 252 3272 urbem
267 3214 451 3290 compulerat.
493 3212 634 3287 Equestre
647 3211 781 3287 proelium
795 3209 957 3267 secundum
971 3206 1037 3272 suit,
1053 3223 1166 3272 snm-35

151 3293 278 3369 motique
292 3294 388 3352 hostes
411 3301 497 3350 sunt:
518 3301 557 3363 et,
581 3291 650 3366 quia
662 3289 759 3347 multis
775 3288 849 3346 locis
862 3285 1073 3362 comprimendi
1086 3295 1132 3340 tn-

152 3373 259 3432 multus
280 3383 372 3445 erant,
397 3371 446 3447 qui
467 3367 576 3428 temere
600 3369 775 3435 oriebantur,
804 3366 923 3442 placuit,
946 3364 1061 3430 omnes,
1081 3362 1132 3436 qui

153 3453 317 3525 dictatores,
331 3450 475 3521 consules,
490 3466 661 3506 censoresve
685 3447 817 3518 fuissent,
831 3463 901 3504 cum
921 3442 1042 3519 imperio
1055 3459 1132 3506 esse,

154 3532 249 3591 donec
272 3531 438 3590 recessisset
459 3547 477 3585 a
497 3527 587 3585 muris
608 3527 706 3586 hostis
747 3525 786 3583 Et
807 3524 865 3582 dici
887 3523 964 3598 quod
986 3520 1134 3594 reliquum

154 3610 218 3684 fuit,
232 3620 261 3668 et
274 3620 360 3668 nocte
374 3606 547 3683 insequenti,
556 3606 639 3666 multi
651 3603 761 3668 temere
775 3603 894 3662 excitati
905 3599 1046 3661 tumultus
1054 3607 1133 3666 sunt,
1145 3629 1174 3670 40

153 3688 373 3768 compressique.
1074 3745 1092 3778 Ο

1242 3639 1246 3728 l

1245 3771 1246 3858 l
