2556 4314
95 371 155 435 148
207 396 213 406 ·
361 331 427 393 κ·
501 373 676 454 snrnqn
764 336 771 349 ⁰

92 515 122 573 iu
143 517 250 591 medio,
264 513 402 593 campus,
417 517 555 584 herbidus
569 527 759 596 aquosusque,
772 537 823 596 per
843 537 931 595 quem
943 522 1073 582 medium

18 637 19 650 ,
93 595 147 653 iter
162 607 214 653 est.
257 597 317 657 Sed
342 597 420 668 ente,
439 597 528 672 quim
551 598 652 656 venias
674 599 802 666 adeum,
817 599 960 658 intrandae
973 602 1075 678 primet

91 676 232 750 angustia
247 687 315 735 sunt
323 696 331 746 3
352 687 382 734 et
406 687 456 734 aut
479 670 593 751 eadem,
607 678 664 753 quai
678 689 706 736 te
721 678 923 752 insinuaveris,
937 693 1015 738 retro
1028 682 1076 740 via

89 757 268 830 repetenda3
290 766 350 823 aut,
365 755 389 812 si
412 755 454 813 ire
476 777 559 832 porro
573 777 686 833 pergas,
701 777 752 834 per
765 757 854 815 ulium
868 757 973 816 salttnn
988 761 1077 818 arcti-

89 853 169 892 orem
194 835 463 912 impeditioremque
487 836 678 894 evadendum.
720 836 756 894 In
778 855 845 894 eum
870 855 1008 913 campum
1028 840 1107 900 viss.

90 912 325 990 dispersarum
338 933 439 991 rupem
464 915 602 984 Romani,
627 915 752 974 demisso
775 915 902 991 agmine,
924 935 1014 990 quum
1035 920 1073 976 ad

90 991 161 1049 alias
182 995 332 1068 angustias
353 993 485 1070 protinus
507 1004 671 1069 pergerent,
686 1005 782 1069 septas
795 995 912 1071 dejectu
925 996 1071 1067 arborum,

89 1089 279 1147 saxorumque
290 1073 452 1149 ingentium
463 1074 645 1148 objacentem
659 1072 764 1128 molem
779 1073 925 1131 invenere.
966 1075 1070 1137 Quum

90 1149 168 1208 fraus
192 1151 302 1209 hostilis
326 1152 513 1226 apperuisset,
539 1150 705 1225 presidium
719 1150 807 1207 etiarn
821 1151 853 1208 in
867 1170 979 1210 summo
992 1155 1068 1212 saltu

89 1229 276 1304 conspicitur.
318 1230 407 1286 Citati
431 1229 500 1287 inde
521 1238 606 1296 retro,
620 1231 678 1303 quat
690 1239 839 1310 venerunt,
852 1242 977 1307 pergunt
989 1252 1069 1308 repe-
1079 1245 1106 1284 ic

88 1316 150 1365 tere
164 1308 258 1365 viam:
279 1327 344 1366 eam
358 1327 470 1382 quoque
484 1307 613 1364 clausam
634 1309 685 1364 sub
698 1308 782 1365 obice
801 1309 946 1384 armisque
960 1311 1082 1370 iuveni·

88 1396 150 1444 unt.
193 1388 305 1444 Sistunt
326 1385 395 1444 iude
417 1387 541 1462 gradum
559 1387 624 1445 sine
646 1387 733 1443 ullius
754 1386 894 1462 imperio:
916 1398 1070 1465 stuporque

15 1469 16 1474 ’
87 1465 217 1522 omnium
242 1466 364 1532 animos,
389 1485 424 1524 ac
447 1464 525 1536 velut
548 1474 644 1540 torpor
663 1465 780 1538 quidam
793 1465 927 1524 insolitus
940 1470 1072 1527 membra

89 1554 188 1602 tenet:
210 1545 413 1620 intuentesque
440 1543 489 1601 atii
513 1540 584 1601 alios
599 1543 701 1619 (quum
722 1545 842 1603 alterurn
857 1546 978 1622 quisque
988 1535 1071 1606 corn·

88 1633 186 1698 potem
208 1625 301 1700 magis
324 1624 430 1682 mentis
454 1642 488 1680 ac
513 1622 626 1680 consilii
650 1623 805 1704 ducerent)
829 1625 880 1682 diu
907 1626 1070 1686 immobiles
1079 1636 1105 1676 1⁵

88 1701 182 1762 silent.
225 1703 341 1762 Deinde
364 1704 415 1761 ubi
436 1703 568 1778 praetoria
589 1702 741 1760 consulum
765 1703 839 1780 erigi
853 1705 962 1776 videre,
977 1716 1007 1764 et
1020 1725 1070 1764 cx·

88 1782 189 1857 pedire
203 1785 341 1857 quosdam
366 1782 448 1842 utilia
471 1782 560 1858 operi,
574 1799 747 1857 quemquam
760 1782 887 1844 ludibrio
900 1783 960 1842 sore
974 1786 1069 1843 muni·

87 1871 181 1929 entes,
196 1863 315 1937 perditis
336 1863 422 1930 rebus
446 1881 481 1918 ac
495 1881 545 1936 spe
569 1861 649 1930 omni
663 1861 807 1937 adempti,
825 1862 983 1921 cernebant
993 1881 1001 1931 ;
1023 1873 1067 1920 te-

87 1958 166 2007 men,
181 1960 219 1997 ne
233 1943 350 2018 culpam
362 1941 446 1998 mulis
457 1938 606 2008 adderent,
627 1960 679 2016 pro
692 1959 723 1998 se
736 1941 867 2022 quisque,
880 1960 936 1998 nec
950 1941 1066 1999 hortan-

13 2031 15 2038 “
88 2029 116 2075 te
131 2019 189 2076 ullo
210 2015 266 2076 ne'c
289 2022 459 2094 imperante,
474 2020 510 2076 ad
534 2019 726 2078 muniendum
744 2020 830 2093 versi,
843 2030 938 2078 cestra
949 2030 1105 2096 propteroa

88 2115 192 2171 aquam
207 2098 280 2155 vallo
293 2099 493 2168 circumdant;
514 2117 566 2157 sua
580 2099 633 2174 ipsi
648 2118 735 2175 opera
754 2099 938 2173 laboremque
951 2100 1066 2158 irritum

89 2174 291 2312 (preterqpam
305 2176 383 2252 qudd
398 2177 494 2236 hostes
508 2177 632 2254 superbe
647 2179 850 2257 increpabant)
865 2173 933 2236 curn
946 2178 1067 2236 misera·
1094 2237 1096 2240 .

88 2254 138 2311 bili
152 2275 207 2312 oon
239 2256 333 2314 ssione
347 2257 506 2314 eludentes.
548 2258 596 2314 Ad
620 2257 756 2316 consules
780 2267 905 2338 mustos,
918 2275 956 2314 ne
978 2257 1065 2332 ndvof

89 2345 190 2391 cantes
204 2334 319 2408 quidem
334 2335 365 2392 in
379 2335 532 2392 consilium
556 2335 686 2411 (quando
708 2355 764 2407 nec
779 2336 899 2393 consilio
912 2352 968 2391 nec
983 2334 1064 2391 auxi·
1114 2341 1121 2354 ’

86 2411 126 2469 lio
139 2412 221 2470 locus
242 2415 343 2493 esset),
364 2417 416 2475 sut
437 2423 538 2488 sponte
562 2413 650 2490 legati
674 2433 710 2472 ac
734 2415 841 2472 tribuni
866 2412 1103 2470 conveniuntzss

85 2489 247 2567 militesque
269 2494 305 2550 ad
328 2493 493 2569 pretorium
516 2493 600 2566 versi,
614 2512 709 2568 opem,
724 2511 811 2570 quam
825 2492 873 2586 ajx
885 2491 935 2550 Dii
949 2492 1066 2552 immor·

85 2570 158 2629 tales
171 2572 245 2630 serre
258 2563 399 2649 poterant,
413 2573 450 2632 ab
463 2573 587 2631 ducibus
600 2582 769 2648 exposcunt.
804 2614 824 2662 ,i

126 2728 183 2788 ΙΙΙ.
204 2731 373 2792 Querentes
386 2732 488 2808 magis,
502 2729 590 2807 qubm
610 2730 819 2805 cqnsultantes,
832 2747 891 2788 nox
903 2729 1045 2805 oppressit
1056 2749 1064 2786 r

84 2826 172 2883 quum
194 2829 245 2882 pro
264 2811 382 2885 ingenio
402 2812 522 2886 quisque
546 2807 720 2868 fremerent:
750 2809 833 2882 alius,
859 2813 941 2883 “per
964 2808 1064 2866 obices

86 2896 104 2922 ‘⁴
119 2887 247 2955 viarum-3
261 2888 279 2914 ”
301 2889 383 2961 alius,
409 2899 491 2965 “per
512 2890 631 2948 adversa
654 2888 807 2956 montium,
831 2906 883 2963 per
897 2887 992 2960 silvas,
1006 2887 1062 2960 qud
1073 2895 1102 2936 ³⁰

86 2969 105 2996 “
118 2965 185 3022 ferri
198 2983 278 3023 arrna
300 2977 444 3042 poterunt,
469 2988 577 3026 eamus.
620 2967 711 3026 Modo
736 2968 772 3024 ad
787 2967 899 3024 hostem
912 2966 1062 3041 pervenire

86 3053 105 3080 ‘⁴
116 3044 214 3116 liceat,
228 3064 314 3119 quern
328 3039 383 3121 per'
400 3065 491 3104 annos
502 3049 562 3122 jarn
583 3046 669 3122 prope
684 3046 804 3122 triginta
816 3045 962 3103 vincimus
974 3066 981 3114 ;
1002 3063 1065 3102 orn·

85 3128 102 3155 “
115 3123 164 3180 nia
179 3142 260 3196 aequa
273 3125 402 3200 etplana
425 3137 510 3183 erunt
530 3126 676 3197 Romano,
691 3126 720 3182 in
742 3124 887 3200 perfidum
900 3123 1064 3182 Samnitem
1116 3174 1121 3182 .

85 3203 303 3278 “pugnanti:''
326 3205 408 3276 cline,
432 3214 451 3240 ‘⁶
465 3203 558 3273 Quin
581 3215 630 3262 aut
652 3205 707 3278 qut
721 3205 842 3260 eamust
882 3202 964 3260 Num
983 3221 1068 3262 mons

85 3291 160 3352 F‘tes
187 3282 281 3340 moliri
302 3283 371 3340 sede
399 3284 450 3340 sub
473 3285 631 3360 paramus?
681 3281 761 3340 Dum
785 3283 849 3340 hmo
871 3281 1101 3340 imminebuntss

85 3367 102 3394 ‘¹
112 3362 193 3439 juga,
207 3365 263 3436 qui
277 3373 308 3420 tu
322 3363 359 3420 ad
384 3364 495 3422 hostem
512 3363 633 3420 venies?
676 3361 799 3434 Armati,
814 3361 951 3433 inermes,
966 3359 1064 3433 sortes,

84 3451 103 3478 “
116 3443 222 3519 ignavi,
237 3442 342 3519 pariter
352 3463 454 3502 omnes
467 3441 544 3518 capti
559 3451 642 3514 atque
656 3440 725 3499 victi
744 3459 852 3498 sumus.
893 3440 942 3498 Ne
957 3438 1065 3496 serrum

85 3526 103 3554 “
113 3523 230 3598 quidem
240 3523 280 3580 ad
305 3523 379 3582 bene
393 3521 581 3584 moriendum
601 3519 750 3580 oblaturus
771 3531 816 3578 est
829 3519 936 3578 hostis:
958 3519 1065 3576 sedens

84 3604 223 3660 “bellurn
236 3602 413 3668 ,conficiet''
462 3601 519 3658 His
540 3599 666 3657 invicem
691 3600 883 3672 sermonibus
910 3601 978 3674 qud·
994 3596 1064 3669 cibi,

83 3685 138 3754 qud
160 3683 264 3756 quietis
285 3683 448 3752 immemor,
469 3699 528 3738 nox
553 3677 686 3736 traducta
710 3690 763 3736 est.
805 3678 854 3736 Ne
882 3676 1100 3736 Samnitibusto

83 3759 199 3830 quidem
221 3760 373 3816 consilium
397 3759 432 3815 in·
453 3768 516 3815 tarn
535 3757 608 3814 laetis
633 3758 803 3834 suppetebat
827 3757 934 3815 rebus:
960 3757 1062 3832 ,itaque
1109 3795 1134 3824 -,

83 3835 209 3899 universi
233 3837 416 3900 Herennium
441 3836 586 3906 Pontium,
607 3845 719 3919 patrem
732 3835 922 3917 imperatoris,
936 3853 988 3911 per
1001 3833 1064 3891 lite·
