2556 4314
121 357 162 414 56
375 355 446 406 nri
462 353 549 406 mvn
564 317 671 406 ursan
686 355 708 404 1.
726 365 789 405 car.
805 369 852 403 ax.
903 375 908 380 -

122 495 225 574 plebis,
250 498 281 556 in
306 469 396 557 lossas
416 499 587 575 cloacasque
610 497 821 572 exhauriendas
843 497 1007 556 demersa:
1038 498 1100 559 Ro·
1117 473 1127 516 ·.

123 595 225 636 manos
240 577 381 646 homines,
397 579 519 637 victores
532 578 661 637 omnium
682 575 764 635 oircd
786 577 966 652 populorum,
980 577 1099 653 opifices

124 673 159 714 ac
172 654 312 733 lapicidas
334 677 385 734 pro
409 657 594 716 bellatoribus
618 657 719 714 factos.
770 656 896 732 Indigna
921 657 982 713 Ser.
1006 657 1098 715 Tullii

15 767 18 774 ·
123 735 200 812 regis
220 748 379 796 memorata
402 738 507 806 caedes,
532 747 562 794 et
585 737 699 794 invecta
723 735 835 812 corpori
857 735 946 810 patris
973 736 1098 796 nefando

121 814 256 873 vehiculo
270 815 347 886 filia;
370 817 551 890 invocatique
566 816 672 872 ultores
685 813 911 889 parentmeii.
953 814 1010 872 His
1024 827 1098 874 atro-
1116 825 1131 864 ⁵

119 893 314 970 cioribusque,
339 896 436 963 credo,
464 896 527 952 aliis
553 893 629 970 (quae
653 912 780 969 praesens
803 913 900 950 rerum
927 893 1096 970 indignitas,
1137 917 1143 926 ·

121 972 342 1049 haudquaquam
355 975 446 1031 relatu
460 973 647 1050 scriptoribus
660 972 766 1040 facilia,
776 972 911 1051 subjicit)
920 973 1095 1042 memoratis,

120 1050 270 1110 incensam
292 1052 504 1110 multitudinem
528 1051 661 1128 perpulit,
682 1062 715 1109 ut
727 1051 880 1140 imperium
901 1053 963 1128 regi
978 1053 1096 1130 abroga-

106 1140 175 1206 ·ret,
200 1131 369 1205 exsulesque
394 1150 457 1188 esse
478 1131 594 1207 juberet
617 1129 650 1187 L.
675 1129 867 1204 Tarquinium
889 1149 956 1187 curn
971 1151 1095 1208 conjugo

120 1227 155 1266 ac
168 1209 275 1266 liberis.
317 1209 394 1285 Ipse,
406 1209 578 1286 junioribus,
592 1209 640 1284 qui
654 1209 728 1266 ultro
748 1209 868 1266 nomina
881 1209 998 1285 dabant,
1012 1211 1129 1270 lectis10

119 1288 302 1362 armatisque,
318 1288 574 1346 adconoitandum
589 1287 658 1345 inde
670 1288 806 1344 adversus
819 1307 918 1364 regem
932 1289 1094 1348 exercitum

118 1367 247 1424 Ardeam
259 1367 288 1424 in
303 1377 399 1424 castra
412 1377 456 1425 est
467 1367 628 1443 profectus:
643 1366 796 1442 imperium
808 1367 838 1425 in
854 1367 933 1425 Urbe
945 1367 1092 1440 Lucretio,

118 1445 254 1521 prefecto
267 1446 353 1504 Urbis
364 1446 423 1522 jam
439 1445 506 1504 antri
521 1446 558 1502 ab
581 1464 649 1521 rege
671 1445 811 1518 instituto,
826 1447 969 1521 relinquit.
1011 1447 1093 1507 Inter

118 1525 197 1592 hunc
221 1526 376 1583 tumultum
398 1526 498 1583 Tullia
518 1525 603 1582 domo
624 1524 760 1600 profugit,
783 1526 1011 1594 exsecrantibus,
1025 1530 1093 1602 qual·

118 1622 241 1679 cumque
255 1604 420 1677 incedebat,
441 1603 699 1678 invocantibusque
723 1605 874 1680 parentam
898 1605 1001 1663 Furias
1024 1607 1091 1665 viris
1101 1623 1127 1663 rs

99 1679 101 1683 ’
117 1683 351 1759 mulieribusque.

155 1843 220 1902 LX.
236 1845 348 1904 Harum
359 1863 455 1903 rerum
468 1845 578 1906 nuntiis
586 1844 616 1901 in
624 1853 719 1902 castra
730 1843 855 1921 perlatis,
869 1843 956 1920 quum
970 1863 1002 1902 re
1015 1847 1091 1905 nova

116 1919 245 1998 trepidus
258 1913 309 1981 rex
322 1934 455 2000 pergeret
468 1924 595 1980 Romam
609 1923 646 1980 ad
660 1923 892 2000 comprimendos
905 1933 1009 1991 motus,
1020 1924 1091 1981 flex-

115 2000 138 2057 it
150 2001 225 2058 viam
239 2001 345 2062 Brutus
361 2001 504 2078 (senserat
527 2001 606 2058 enim
626 2002 796 2082 aduentum)
821 2021 858 2059 ne
872 2003 972 2060 obvius
986 2003 1088 2072 lieret3

115 2079 273 2154 eodemque
288 2080 347 2137 fere
361 2091 499 2155 tempore,
513 2079 635 2137 diversis
646 2080 807 2154 itineribus,
828 2081 934 2138 Brutus
948 2081 1087 2150 Ardeam,
1097 2093 1125 2132 2⁰

115 2157 291 2233 Tarquinius
312 2158 449 2231 Romam,
473 2168 622 2216 venerunt.
671 2159 834 2234 Tarquinio
859 2160 965 2228 clausae
988 2171 1087 2236 portae,

114 2237 303 2313 exsiliumque
327 2238 486 2295 indictum:
518 2237 700 2300 liberatorem
721 2238 808 2296 Urbis
829 2239 894 2297 laeta
918 2250 1013 2297 castra
1039 2259 1087 2297 ao·

114 2317 238 2392 oepdre3
272 2317 422 2392 exactique
444 2317 513 2374 inde
534 2317 617 2375 liberi
641 2318 726 2394 regis.
776 2316 844 2376 Duo
863 2329 975 2394 patrem
994 2318 1086 2377 secuti

113 2405 189 2462 sunt,
204 2395 253 2470 qui
276 2395 438 2453 exsulatum
463 2397 546 2454 Caera
568 2397 598 2454 in
620 2396 759 2454 Etruscos
783 2397 888 2456 ierunt.
930 2399 997 2456 Sex.
1012 2399 1086 2456 Tar-

112 2473 238 2549 quinius,
252 2474 372 2549 Gabios,
393 2485 538 2551 tamquam
560 2475 591 2534 in
615 2495 699 2534 suum
723 2495 857 2552 regnum,
871 2477 1026 2552 profectus,
1049 2476 1123 2536 abac

112 2553 251 2612 ultoribus
273 2553 401 2613 veterum
423 2555 609 2632 simultatum,
623 2574 695 2630 quas
718 2555 774 2612 sibi
794 2555 856 2631 ipse
870 2557 999 2614 oaedibus
1011 2555 1122 2638 rapi-52

111 2632 212 2708 nisque
226 2633 400 2702 conciverat,
415 2644 459 2693 est
466 2634 644 2693 interfectus
686 2635 720 2694 L.
743 2634 922 2710 Tarquinius
937 2635 1085 2711 Superbus
1101 2643 1115 2706 {a

4 2755 5 2764 ,
111 2713 242 2788 regnavit
255 2733 346 2770 annos
369 2712 495 2790 quinque
519 2724 549 2772 et
571 2713 683 2790 viginti.
724 2714 894 2790 Regnatum
919 2715 1033 2782 Romae,
1048 2714 1122 2797 abg

110 2791 227 2850 condita
250 2792 328 2849 Urbe
358 2792 395 2849 ad
421 2792 580 2868 liberatam,
607 2811 699 2850 annos
726 2792 1107 2866 ducentosquadraginta'

110 2878 240 2943 quatuor.
281 2869 348 2928 Duo
361 2871 495 2929 consules
515 2871 583 2928 inde
598 2869 722 2928 comitiis
736 2869 905 2926 centuriatis
918 2887 935 2926 a
948 2869 1084 2944 praefecto
1101 2862 1115 2942 ξ

110 2946 195 3005 Urbis
218 2967 255 3006 ex
281 2949 495 3007 commentariis
519 2949 581 3006 Ser.
606 2948 698 3005 Tullii
721 2947 811 3005 creati
835 2957 912 3016 sunt,
927 2947 961 3015 L.
976 2947 1120 3049 Junius'g

109 3025 215 3088 Brutus
228 3038 257 3086 et
270 3028 304 3092 L,
320 3024 497 3105 Tarquinius
511 3026 683 3086 Collatinus.
755 3041 765 3095 J
1020 3039 1023 3044 '
1092 3049 1119 3085 r„
