2556 4314
132 315 189 376 ιιι
303 333 307 339 ·
529 273 600 363 rur
616 311 735 362 mvn·

115 456 232 552 ,Quum
246 473 263 513 e
277 453 351 512 saltu
371 452 538 522 evasissent,
562 455 625 526 etsi,
641 453 717 510 velut
730 452 767 510 ab
781 449 880 510 inferis
894 453 1026 522 extracti,
1041 465 1105 513 tum

115 508 255 612 primbm
278 534 375 590 lucem
393 532 580 608 adspicere
555 534 608 590 visi
622 543 699 600 sunt,
713 543 810 589 tamen
824 532 886 606 ipsa
899 532 968 589 lux'
960 544 1000 590 ιιι
1012 534 1106 593 desor-

121 631 177 674 .me
198 611 376 671 intuentibus
402 629 507 686 agmen
528 612 608 669 omni
635 622 725 670 morte
751 610 856 668 tristior
881 610 943 668 fuit.
992 611 1105 702 ItarJue,

129 710 219 768 quum
239 700 307 747 ante
328 698 444 748 noctem
468 689 599 766 Capuam
619 689 769 766 pervenire
792 683 920 779 possent,
943 690 1047 748 incerti
1069 692 1107 749 de

130 769 188 828 fide
212 769 364 842 sociorum,
378 777 408 824 et
420 765 498 858 qudd
519 769 615 858 pudor·
624 766 828 844 praeiniebat,
842 767 924 826 circa
936 768 1013 825 riam
1027 769 1105 832 haud
1125 791 1139 830 s
1203 803 1205 806 ·

127 849 230 924 procul
252 839 364 922 caput,
378 846 508 903 omnium
531 846 627 936 egeni,
649 865 770 936 corpora
787 840 875 902 butiri
877 858 1121 937 prostraverunt.-

129 923 221 990 Quod
236 925 284 983 ubi
297 934 342 980 est
364 923 495 1014 Capuam
516 925 690 1012 nuntiatum,
715 924 960 1004 evicitnri'seratio
971 926 1067 1016 justa
1061 946 1106 985 so-

130 1003 240 1064 ciorum
254 1003 418 1078 superbiam
441 1000 609 1077 ingenitam
614 1002 791 1081 Campanis:
812 1003 988 1082 confestim
980 1006 1106 1094 insignia

130 1101 185 1141 sua
204 1081 381 1152 consulibus,
403 1079 506 1146 fasces,
532 1075 659 1146 lictores,
681 1097 771 1152 arma,
798 1076 896 1155 equos,
924 1083 1103 1152 vestimenta,

131 1171 309 1220 commeatus
322 1125 461 1216 militibus
468 1153 600 1240 benigue
615 1157 748 1227 mittuut3
770 1167 799 1216 et
813 1161 992 1222 venientibus
1006 1163 1105 1238 Capu·
1114 1163 1140 1203 1⁰

131 1258 178 1298 am
202 1249 327 1312 cunctus
349 1247 467 1294 senatus
468 1234 668 1327 populusque,
682 1200 795 1294 obviam
811 1240 928 1314 egressi,
947 1241 1031 1332 justis
1044 1261 1106 1299 om·
1198 1259 1205 1267 ·

132 1318 218 1376 nibus
231 1303 428 1407 hospitalibus,
442 1315 614 1392 privatisque
628 1324 658 1372 et
670 1315 794 1389 publicis
809 1309 990 1394 iunguntur
980 1319 1105 1389 officiis3

131 1415 225 1472 neque
239 1396 296 1453 illis
319 1394 464 1453 sociorum
487 1394 617 1462 comitas,
631 1393 782 1469 vultusque
796 1394 926 1472 benigni,
941 1408 969 1456 et
983 1397 1115 1474 alloquiu'

131 1494 190 1534 non
204 1473 290 1532 modo
303 1491 464 1532 sermonem
478 1472 595 1541 elicere,
609 1473 660 1530 sed
674 1490 722 1545 nc,
737 1484 769 1530 ιιι
782 1475 882 1534 oculos
895 1476 1012 1550 quidem
1027 1477 1107 1535 attol-

131 1552 254 1626 lereut,
255 1563 305 1611 aut
327 1552 510 1612 consolantes
533 1551 642 1608 amicos
666 1517 768 1609 coritra
787 1551 977 1626 intuerentur,
991 1555 1139 1614 efficere1⁵

131 1643 281 1710 poterant:
302 1630 388 1699 aded,
409 1648 495 1706 super
517 1645 668 1688 moerorem
670 1631 784 1706 ,pudor
805 1631 923 1706 quidam
936 1633 1036 1709 fugere
1050 1634 1107 1693 col·

131 1711 228 1788 loquia
241 1722 271 1770 et
284 1720 376 1769 coetus
397 1709 546 1768 hominum
548 1702 690 1785 cogebat.
732 1708 852 1769 Postero
864 1711 913 1769 die
927 1731 1015 1787 quum
1025 1713 1107 1788 juve-

131 1809 186 1850 nes
198 1791 320 1864 nobiles,
335 1789 415 1847 missi
428 1807 447 1847 a
460 1788 572 1865 Capul,
587 1798 619 1846 ut
639 1787 854 1864 proficiscentes
867 1790 912 1848 ad
918 1790 1005 1847 finem
1019 1791 1107 1850 Cam·

131 1888 240 1947 panum
260 1878 508 1958 prosequerentur,
538 1867 739 1938 revertissent3
770 1868 918 1942 vocatique
939 1869 969 1926 in
993 1870 1145 1932 curiam

132 1948 369 2038 percontantibus
380 1946 535 2052 majoribus
547 1956 627 2021 natu,
643 1955 662 1984 ‘⁶
673 1911 763 2004 ιιιιιιό
777 1947 832 2004 sibi
843 1947 1002 2005 maestiores
1011 1958 1042 2005 et
1054 1949 1141 2005 arb-2⁰

134 2036 154 2064 “
160 2027 289 2102 Jectrorrs
300 2044 389 2082 auum
400 2026 496 2092 visos,
497 1992 694 2094 'referrebt3‘
697 2024 787 2082 adeo
799 2026 895 2098 silens
903 2045 937 2084 ac
945 2027 1033 2102 prope
1042 2046 1106 2084 mu
1152 2069 1155 2072 -
1251 2054 1254 2060 ·

133 2113 226 2162 “tum
240 2123 345 2180 agmen
364 2102 537 2172 incessisse.
566 2113 662 2162 tacere
683 2104 810 2162 indolem
823 2073 902 2162 illuni
928 2106 1104 2179 Romanam,

134 2186 152 2216 “
163 2183 327 2257 ablatosque
348 2200 416 2240 curn
430 2181 516 2240 armis
536 2183 667 2241 animos.
688 2203 747 2241 uon
760 2184 880 2240 reddere
894 2184 1026 2257 salutem,
1045 2203 1106 2242 non

134 2261 354 2320 “salutantibus
367 2261 436 2319 dare
449 2279 627 2336 responsum,
649 2281 708 2319 non
729 2261 841 2320 hiscere
855 2280 1027 2336 quemquam
1044 2281 1105 2352 prae

74 2339 78 2348 '
133 2349 244 2398 “metu
266 2340 403 2414 potuisse,
418 2349 565 2430 tamquam
583 2340 741 2398 serentibus
762 2342 857 2398 adhuc
877 2340 1070 2398 cervicibus'
1061 2360 1107 2417 Ju·
1116 2355 1149 2419 ιι,

135 2427 154 2456 “
163 2438 242 2496 gum,
257 2419 311 2475 sub
324 2437 381 2493 quo
394 2417 492 2476 emissi
505 2430 610 2477 essent.
653 2420 770 2476 Habere
785 2419 932 2477 Samnites
945 2419 1105 2510 victoriam,

135 2507 154 2536 ‘⁶
166 2517 224 2556 non
238 2497 405 2573 praeclaram
415 2495 517 2587 solum,
532 2498 683 2555 sedetiam
697 2508 882 2574 perpetuam:
903 2497 1016 2574 cepisse
1027 2499 1106 2556 enim

135 2585 155 2614 ‘⁴
166 2596 216 2636 cos
229 2595 287 2634 non
301 2575 438 2644 Romam,
454 2575 529 2633 sicut
545 2577 611 2634 ante
633 2577 741 2649 Gallos,
756 2577 818 2644 sed,
832 2578 909 2651 quod
923 2576 1015 2635 multo
1027 2577 1107 2636 belli·

115 2675 118 2680 ’
135 2665 154 2698 “
166 2656 262 2717 oosius
275 2655 371 2729 suerit,
385 2653 550 2713 Romanam
563 2655 697 2713 virtutem
711 2655 934 2731 ferociamque.”
950 2657 992 2786 J(

172 2816 244 2874 VII.
264 2815 367 2877 Quum
380 2815 443 2872 haec
455 2814 620 2873 dicerentur
633 2816 867 2905 audirenturque,
886 2824 916 2872 et
929 2815 1107 2891 deploratum
1117 2828 1142 2869 ao

133 2912 216 2972 paene
230 2893 395 2950 Romanum
409 2911 515 2950 nomeu
529 2893 559 2950 in
575 2895 699 2952 concilio
713 2895 857 2952 sociorum
870 2894 998 2951 fidelium
1012 2902 1128 2962 esset3

133 2973 240 3030 dicitur
254 2971 358 3029 Ofilius
379 2970 524 3044 Calavius,
539 2971 607 3030 Ovii
625 2972 711 3046 tilius,
725 2973 821 3031 clarus
835 2979 944 3048 g'euere
957 2972 1107 3047 lactisque,

133 3060 195 3109 tum
209 3050 296 3107 etiam
310 3058 393 3105 aetate
414 3018 566 3118 verendus,
580 3050 666 3128 longe
685 3019 767 3116 aliter
780 3071 811 3109 se
825 3052 932 3110 habere
945 3070 1007 3108 rem
1022 3051 1108 3108 dixis-
1157 3085 1161 3093 ·

175 3132 223 3161 ·“
235 3127 388 3185 Silentium
402 3126 473 3184 illud
487 3129 662 3187 obstinatum
664 3130 842 3206 ,'fixosque
834 3150 864 3188 ru
878 3139 984 3188 terram
997 3129 1107 3202 oculos,

134 3212 156 3240 “
164 3174 309 3265 etsurdas
332 3205 369 3262 ad
389 3207 488 3264 omnia
508 3207 609 3266 solatia
630 3229 724 3278 aures,
746 3220 776 3267 et
799 3210 940 3302 pudorem
958 3209 1143 3266 intuendas

134 3286 245 3378 “lucis,
271 3285 420 3361 ingentem
443 3286 571 3345 molem'
562 3306 670 3345 rrarum
683 3307 720 3345 ex
733 3289 790 3347 alto
805 3289 902 3347 animo
914 3287 1019 3346 cientis
1032 3287 1110 3345 indi-

135 3375 154 3403 “
166 3366 213 3424 cia
225 3383 308 3423 esse:
330 3373 380 3421 aut
398 3365 535 3424 Romana
556 3385 587 3423 se
608 3366 740 3442 ignorare
754 3367 882 3445 ingenia,
897 3376 947 3424 aut
960 3365 1109 3430 silentium

134 3445 234 3503 “illud
259 3435 437 3502 Samnitibus
460 3444 571 3502 flebiles
594 3445 673 3502 brevi
697 3446 838 3505 clamores
857 3447 1040 3522 gemitusque
1060 3463 1109 3504 ex·
1154 3447 1158 3455 '

133 3533 153 3563 ‘⁶
163 3525 333 3595 citaturum3
355 3511 563 3615 Gaudidaeque
561 3524 646 3600 pacis
659 3525 804 3601 aliquanto
820 3525 1009 3594 Samnitibus,
1023 3525 1110 3601 quarn

134 3613 153 3642 “
166 3603 318 3679 Romanis,
332 3603 485 3662 tristiorem
499 3602 667 3661 memoriam
688 3605 756 3662 sore.
797 3604 916 3682 Quippe
931 3625 998 3663 suos
1011 3623 1112 3680 quern·
1098 3609 1146 3651 -ιθ

118 3691 221 3760 ,ιιιιιι
248 3701 347 3741 eorum
374 3682 486 3739 animos
513 3680 688 3751 habiturum,
717 3685 892 3760 ubicumque
926 3683 1111 3761 congressuri

135 3761 240 3820 “sint:
260 3761 350 3818 saltus
363 3758 512 3819 Caudinos
525 3777 584 3818 non
598 3761 705 3837 ubique
720 3763 900 3822 Samnitibus
915 3763 984 3824 fore.
988 3763 1006 3792 ’'
1042 3762 1110 3821 Jam
