2520 4310
342 303 343 307 ’
439 316 546 367 arnan
561 317 634 368 ιιιιι.
652 331 715 369 cn.
731 333 806 368 nu.
1052 317 1111 378 189

174 459 287 518 XLVI.
310 459 423 536 Apud
425 459 577 519 Romanos
612 461 834 537 haudquaquam
865 469 945 518 tanta
978 459 1111 520 alacritas

135 549 233 608 erat,
223 558 308 615 super
324 551 428 596 caetera
450 540 615 597 recentibus
638 541 725 598 etiarn
744 541 855 598 territos
868 539 1022 630 prodigiis:
1043 559 1110 599 nam

135 629 165 676 ct
177 619 264 694 lupus
289 619 443 686 intraverat
466 631 569 686 castra,
592 619 763 710 laniatisque
786 619 963 694 obviisr,1pse
987 618 1112 678 intactus

135 707 287 766 evaserat·
308 711 337 756 et
357 717 480 755 examen
504 717 590 774 apum
614 717 644 755 m
606 691 769 760 arbore
783 699 923 774 pretorio
943 697 1112 756 imminente

111 739 322 835 tconseder'ar
370 777 506 839 Quibus·
521 778 691 856 procuratis,
734 777 842 853 Scipio,
884 795 951 834 cum
985 777 1113 851 equitatu

132 855 398 932 jaculatoribusque
420 857 562 933 expeditis
585 857 731 932 profectus
752 857 787 914 ad
802 866 895 914 castra
916 855 1052 929 hostiurn,
1060 873 1115 914 ex·

135 953 192 1009 que
205 936 364 1012 propinquo
388 937 495 1011 copias,
516 947 641 1010 quantae,
655 946 685 993 et
698 936 782 1025 cujus
801 935 917 1010 generis
930 945 1036 1000 essent,
1050 951 1115 1010 spe-

135 1014 286 1082 culandas,
309 1015 411 1072 obvius
425 1015 458 1074 fn
481 1014 651 1086 Hannibali,
665 1025 695 1072 et
708 1014 761 1088 ipsi
776 1033 843 1070 curn
858 1012 1002 1087 equitibus
1015 1011 1051 1069 ad
1066 1031 1118 1070 cx·

129 1091 273 1168 ploranda
296 1092 376 1151 circa
389 1093 453 1150 loca
471 1111 630 1169 progresso.
671 1093 776 1150 Neutri
791 1093 894 1150 alteros
907 1090 999 1166 primu
1013 1108 1115 1148 cerne-
1215 1137 1219 1144 .

102 1171 223 1228 1⁰bant:
258 1172 373 1229 densior
403 1172 547 1228 deinde
539 1190 656 1229 incessu
680 1182 722 1229 tot
746 1171 896 1229 hominum
917 1188 1112 1245 equorumque

135 1249 231 1308 oriens
243 1251 465 1326 pulvissignum
489 1250 741 1326 propinquantium
755 1251 882 1309 hostiurn
896 1249 957 1306 fuit.
999 1247 1114 1306 Consti-

114 1328 170 1386 ιιι
191 1339 342 1402 utrumque
366 1347 481 1404 agmen,
506 1339 536 1386 et
560 1329 660 1418 proelio'
683 1349 746 1388 sese
770 1328 970 1406 expediebant.
1013 1327 1113 1404 Scipio

133 1407 309 1497 jaculatores
333 1417 362 1464 et
386 1408 485 1464 Gallos
503 1408 614 1482 equites
628 1408 658 1463 in
674 1408 765 1465 fronte
778 1409 873 1477 locat;
895 1407 1054 1478 Romanoa,
1069 1425 1114 1466 so·

135 1486 303 1575 ciorumque
327 1487 404 1561 quod
426 1486 535 1544 roboris
549 1485 657 1558 suit,1u
672 1486 815 1543 subsidiis.
857 1452 1006 1543 Hannibal
1021 1486 1113 1544 stena-

100 1574 180 1624 utos
194 1565 305 1641 equites
319 1562 349 1622 in
364 1565 491 1623 medium
506 1564 623 1639 accipit,
638 1583 746 1622 cornua
760 1564 897 1621 Numidis
910 1565 1012 1622 firmat.
1043 1566 1113 1622 Vix·

134 1645 206 1702 dum
220 1645 346 1703 clamore
361 1645 483 1718 sublato,
502 1644 677 1720 jaculatores
698 1643 855 1719 fugerunt
849 1653 921 1699 mter
936 1643 1064 1700 subsidia
1077 1644 1114 1702 ad

134 1719 295 1782 secundam
321 1721 434 1782 aciem·
457 1691 525 1781 iride
549 1723 678 1797 equitum
702 1733 850 1789 certamen
864 1732 925 1779 erat
939 1721 1114 1795 aliquamdiu
1152 1787 1160 1796 ‚

135 1821 262 1877 anceps:
284 1803 363 1876 dein,
384 1803 451 1878 quia
465 1803 619 1860 turbabant
633 1821 721 1877 equos
734 1801 867 1877 pedites
860 1801 1027 1868 mtermirui,
1038 1801 1115 1889 ‘mul-

135 1881 172 1939 tis
184 1882 350 1940 labentibus
363 1901 400 1940 ox
413 1883 507 1957 equis,
522 1893 571 1940 aut
587 1882 795 1948 desilientibus,
811 1880 861 1937 ubi
875 1899 942 1936 suos
955 1878 1046 1954 premi
1060 1879 1114 1940 uir·

5 2033 6 2038 ¹
100 1971 305 2017 sucumventos
328 1961 508 2033 vidissent,
498 1980 558 2038 Jam
577 1961 686 2051 magnai
709 1979 746 2018 ιιι
769 1971 852 2037 parte
864 1959 900 2018 ad
914 1959 1003 2036 pedes
1016 1976 1115 2034 pugna

134 2038 226 2108 ierat;
248 2040 342 2097 donec
366 2007 514 2112 Numidae,
536 2041 584 2115 qui
608 2041 638 2097 in
663 2041 801 2098 cornibus
818 2047 909 2106 erant,
925 2037 1114 2099 circumvecti

134 2083 292 2191 paululdm,
317 2119 353 2176 ab
378 2129 458 2195 tergo
478 2139 510 2176 se
523 2119 743 2177 ostenderunt.
762 2119 793 2176 Is
811 2138 901 2208 pavor
915 2117 1038 2194 perculit
1051 2116 1113 2175 Ro-

134 2203 245 2263 manos,
260 2198 395 2272 auxitque
419 2217 553 2274 pavorem
567 2199 696 2255 consulis
710 2198 823 2265 vulnus,
838 2195 1078 2273 periculumque
1071 2214 1115 2252 rn-

132 2282 266 2331 tercursu
290 2286 351 2332 tum
375 2275 498 2349 primum
523 2277 709 2351 pubescentis
733 2275 784 2332 filii
805 2277 1010 2352 propulsatum.
1053 2273 1113 2334 Hic

100 2352 188 2409 sterit
199 2352 324 2426 juveniS,
337 2371 427 2442 penes
440 2373 527 2426 quem
540 2355 660 2442 perlecti
672 2354 793 2428 hujusce
807 2353 876 2413 belli
889 2355 951 2413 laus
967 2364 1020 2420 est,
1036 2353 1114 2413 Asri·

133 2447 228 2486 canus
241 2429 278 2485 ob
292 2430 439 2504 egregiam
452 2431 603 2491 victoriam
617 2433 654 2486 de
668 2431 836 2487 Hannibale
850 2431 1003 2504 Poenisque
1018 2430 1114 2505 appel-

132 2508 218 2566 latus.
260 2505 345 2582 Fuga
366 2518 463 2564 tamen
487 2509 579 2564 effusa
600 2505 792 2584 joculatorum
817 2509 940 2565 maxime
966 2508 1028 2577 suit,
1044 2527 1115 2581 quos

132 2587 242 2663 primos
255 2585 286 2643 N
289 2586 394 2643 umidae
409 2586 583 2644 invaserunt.
624 2585 710 2642 Alius
723 2585 869 2642 consertus
889 2585 1032 2658 equitatus
1047 2603 1115 2642 con·

134 2666 228 2722 sulem
243 2665 272 2721 iu
285 2665 414 2722 medium
428 2676 592 2740 acceptum,
606 2684 664 2722 non
680 2665 766 2722 armis
781 2663 875 2737 modo,
888 2665 938 2720 sed
953 2664 1040 2726 etiam
1054 2683 1115 2726 cor-

100 2744 252 2820 aoporibns
276 2745 335 2802 suis
338 2755 524 2821 ,protegens
548 2745 578 2801 in
603 2754 707 2812 castra,
730 2762 871 2818 nusquam
885 2741 995 2817 trepide
1020 2762 1114 2818 neque

135 2823 224 2881 effuse
240 2791 382 2890 cedendo,
398 2825 523 2882 reduxit
565 2824 678 2882 Servati
701 2823 829 2882 consulis
849 2823 940 2879 decus
954 2822 1063 2880 Coelius
1077 2824 1113 2880 ad

135 2921 249 2959 servum
273 2904 391 2961 natione
415 2903 553 2979 Ligurem
578 2903 706 2979 delegat:
728 2903 826 2959 malim
850 2886 983 2977 equidem
1005 2903 1041 2958 de
1055 2901 1114 2961 filio

135 2999 324 3052 rammasse,
339 2983 415 3063 quod
439 2993 468 3044 et
491 2983 587 3062 plures
611 2976 754 3042 tradidere
776 2992 918 3057 auctores,
932 2990 962 3040 et
975 2981 1051 3046 suma
1064 2982 1114 3046 ob-

136 3059 230 3125 tinuit.
283 3100 313 3204 >l
