2556 4314
158 323 216 383 108
556 323 628 374 'rm
644 321 731 375 mvn

157 470 176 500 ‘¹
187 466 294 544 dignus
308 482 420 524 summo
433 465 542 525 honore
556 465 784 558 eritapisoepdi
798 482 903 523 summi
895 464 1043 542 honoris,
1057 481 1139 530 stare

155 546 253 604 “urbs
267 547 331 604 haeo
355 563 414 602 non
427 545 554 620 poteritl
577 545 646 602 de
638 537 759 626 irnperIo
772 555 871 602 sotum
883 547 948 602 estl
970 556 1000 604 et
1013 549 1135 623 perinde

156 625 239 682 “hoe
252 624 336 693 valet,
357 623 451 701 plebej
454 643 488 681 us
511 638 548 681 ne
570 623 681 682 oonsul
695 623 755 698 fiat,
779 634 926 698 tamquam
949 643 1063 684 servum
1085 638 1135 686 aut
1176 621 1198 695 ¹,

155 703 353 762 “libertinum
374 701 476 779 aliquis
490 701 639 761 consulem
653 703 781 760 futuruin
794 703 891 760 dieatl
933 702 1048 778 Ecquid
1069 725 1135 765 sen-

155 782 255 855 stitis,
277 783 308 840 in
331 792 439 872 quanto
459 791 627 857 contemptu
650 781 773 840 vivatis?
825 781 915 839 Lucis
945 781 1028 840 robis
1048 784 1168 862 hujus⁵

156 865 173 893 “
184 872 306 952 partem,
320 879 345 918 ει
337 860 455 929 lioeat,
470 861 614 918 adimant:
636 859 712 936 qudd
723 861 845 936 spiratis,
860 859 937 936 qudd
951 880 1055 920 vocem
1068 865 1134 922 mit·

156 941 255 1012 “titia,
276 937 361 1015 quod
374 903 479 998 sormlrs
493 939 643 997 hominum
665 939 787 1012 habetis,
808 940 1007 1016 indignantur
1048 941 1133 1004 Quin

157 1020 272 1078 “etiam
288 1019 326 1096 (si
340 1018 405 1076 Diis
428 1018 523 1095 placet
535 1017 557 1098 l)
573 1017 654 1076 nefas
673 1016 755 1075 aiunt
775 1037 850 1091 esse,
871 1019 1021 1078 oonsulem
1035 1021 1133 1096 plebe-

156 1099 248 1175 “J'um
272 1098 343 1158 fieri
384 1097 517 1156 Obsecro
540 1116 599 1165 ros,
622 1097 646 1154 si
670 1115 730 1155 non
754 1096 791 1154 ad
813 1097 910 1166 fastos,
930 1117 988 1157 non
1002 1101 1038 1156 ad
1053 1119 1133 1158 eom-

157 1177 339 1235 “menterios
356 1175 530 1267 pontitioum
554 1175 751 1245 admittimur,
773 1194 811 1234 ne
832 1140 1167 1252 eaqlidemscimus,1o

34 1297 38 1304 -
90 1293 94 1310 ι
155 1255 1132 1346 “quaeomnesperegrinietiamsciunt?eonsulesinlooumregum

156 1345 175 1372 ‘⁴
187 1335 382 1394 snooessissel
403 1352 459 1392 neo
468 1344 521 1392 aut
527 1335 600 1411 J'uris
611 1344 660 1392 aut
670 1334 828 1411 maJestatrs
836 1335 990 1410 quidquam
1013 1335 1130 1406 habere,

156 1415 260 1490 “quod
281 1433 341 1472 non
362 1414 393 1471 in
416 1413 533 1490 regibus
556 1412 625 1470 ante
649 1412 757 1471 fueritl
745 1411 846 1471 lEn
870 1433 999 1490 unquam
1013 1415 1132 1474 creditis
1206 1433 1208 1436 ·

155 1496 174 1526 “
186 1493 273 1551 fando
286 1493 416 1552 auditum
439 1511 513 1560 esse,
539 1493 677 1551 Numam
692 1492 877 1569 Pompilium,
892 1513 951 1552 non
972 1493 1057 1552 modo
1072 1512 1131 1552 non

56 1627 65 1640 ,
109 1608 119 1612 -
155 1581 174 1609 “
186 1571 349 1648 patricium,
373 1571 426 1628 sed
449 1589 487 1648 ne
511 1571 604 1629 civem
623 1571 741 1646 quidem
763 1571 942 1641 Romanum,
967 1592 1004 1631 ex
1023 1572 1165 1634 Sabinou

155 1655 254 1727 “agro
278 1650 415 1718 mollum,
437 1650 535 1726 populi
555 1651 648 1727 J’ussu,
670 1649 804 1708 Patribus
826 1652 1002 1720 auctoribus,
1027 1651 1131 1710 Romae

155 1729 348 1806 “regnissel
389 1729 423 1787 L.
438 1729 544 1786 deinde
559 1730 762 1805 Tarquinium,
787 1749 846 1788 non
868 1731 1011 1788 Romanae
1032 1730 1131 1798 modo,

155 1817 174 1846 ‘⁶
188 1809 240 1865 sed
254 1827 292 1865 ne
306 1808 416 1866 Italioae
439 1809 556 1882 quidem
578 1809 683 1884 gentis,
699 1808 847 1866 Damarati
870 1809 1012 1867 Corinthii
1026 1808 1132 1878 filium,

69 1883 73 1890 '
155 1896 174 1925 ‘⁴
185 1886 312 1946 incolam
326 1888 362 1944 ab
376 1887 554 1962 Tarquiniis,
569 1888 640 1945 vivis
661 1887 759 1944 liberis
779 1887 868 1954 Anoi,
884 1906 982 1964 regem
996 1887 1131 1950 factum?

153 1975 173 2004 ‘⁴
186 1965 249 2023 Ser.
264 1964 395 2023 Tullium
408 1976 472 2040 post
486 1967 575 2034 huno,
585 1967 699 2042 captiva
713 1965 909 2024 Comienlanai
922 1976 1033 2038 natum,
1047 1977 1130 2041 patre
1141 1983 1167 2023 ao

153 2043 274 2116 “nullo,
298 2054 388 2101 matre
416 2044 508 2113 serva,
533 2045 662 2120 ingenio,
695 2045 796 2102 virtute
823 2064 948 2120 regnam
975 2045 1128 2103 tenuisset

70 2163 77 2173 .
153 2121 266 2184 “Quid
280 2122 359 2180 enim
372 2123 409 2181 de
433 2123 471 2180 T.
487 2123 574 2182 Tatio
589 2124 698 2181 Sabino
720 2123 815 2180 diosa]
819 2143 927 2198 ,quern
941 2124 1002 2199 ipse
1016 2124 1130 2182 Romu-

153 2206 172 2234 “
180 2201 235 2270 lus,
256 2219 365 2276 parens
384 2202 504 2274 urbis,
497 2223 527 2260 m
552 2201 719 2260 sooietatem
743 2203 826 2278 regni
851 2203 987 2292 aceepit?
1036 2203 1128 2293 Ergo,

152 2285 172 2314 “
183 2281 253 2338 dum
267 2279 378 2337 nullum
393 2281 535 2339 fastiditur
548 2300 651 2359 genus,
673 2282 702 2339 in
717 2300 774 2356 quo
787 2281 909 2338 eniteret
922 2283 1021 2348 virtus,
1036 2283 1130 2340 erevit

152 2359 335 2435 “imperium
348 2344 525 2419 Romanum.
567 2360 709 2419 Poeniteat
719 2379 799 2418 nuno
811 2379 859 2418 vos
869 2360 975 2437 plebeji
988 2361 1166 2430 consultans

152 2441 270 2515 “quum
284 2439 406 2516 majores
427 2440 516 2498 nostri
541 2441 667 2498 advenas
679 2458 763 2516 reges
778 2458 836 2497 non
850 2439 1032 2516 fastidierint,
1046 2450 1076 2497 et
1089 2459 1129 2498 ne

151 2519 296 2596 “regibus
309 2519 425 2594 quidem
439 2519 548 2577 exaesis
572 2519 671 2578 clausa
683 2518 753 2577 urbs
767 2518 853 2576 suerit
866 2512 1129 2596 peregrina-virtu·
1156 2547 1158 2552 s
1263 2589 1264 2600 ,

100 2663 103 2668 ¹
153 2606 172 2636 “
183 2598 214 2656 ti.
256 2598 409 2658 Claudiam
433 2599 511 2656 certe
535 2609 664 2676 gentem,
678 2607 742 2674 post
755 2616 839 2674 reges
853 2609 981 2672 exactos,
995 2617 1032 2656 ex
1044 2598 1130 2656 Sabi-

56 2699 58 2704 ’
151 2678 228 2736 “nis
242 2697 301 2737 non
316 2677 346 2735 in
369 2677 515 2735 civitatem
530 2677 617 2736 modo
632 2676 809 2752 accepimus,
825 2678 876 2734 sed
891 2677 978 2735 etiam
997 2677 1027 2735 in
1041 2677 1130 2754 patri·

150 2757 290 2814 “oiorum
303 2775 464 2814 numerum.
506 2756 552 2814 Ex
565 2757 755 2834 peregrinone
776 2756 925 2831 patricius,
939 2756 1045 2814 deinde
1059 2775 1130 2814 eon·
1117 2772 1168 2812 -so

119 2847 127 2858 ‘
151 2845 171 2874 ‘⁶
183 2835 226 2892 sul
241 2835 357 2894 fiatt·
331 2835 402 2892 orvis
416 2835 604 2893 Romanus
582 2855 606 2892 sr
620 2837 657 2893 sit
670 2833 814 2911 explebe,
828 2835 949 2910 precisa·
959 2834 1131 2892 consulatus

151 2917 247 3004 “spes
271 2912 349 2971 eritl
391 2913 504 2971 Utrdm
515 2915 633 2972 tandem
656 2933 715 2972 non
739 2913 885 2972 oredimus
905 2913 967 2970 fieri
985 2931 1079 2990 posse,
1093 2924 1129 2972 ut

118 3031 123 3040 -
150 2993 222 3050 “vir
236 2991 316 3050 fortis
335 3009 370 3048 ae
392 3002 536 3061 strenuus,
557 3013 629 3068 paee
643 2992 775 3068 belloque
800 2993 903 3067 bonus,
927 2991 1068 3068 explebe,
1090 2993 1130 3050 sit

151 3081 170 3110 “
181 3071 298 3144 Numae,
312 3069 346 3128 L.
362 3071 533 3146 Tarquinio,
548 3073 610 3130 Ser.
632 3071 731 3130 Tullio
750 3071 872 3130 similis?
914 3071 964 3130 An
979 3091 1026 3143 ne,
1041 3071 1065 3128 si
1079 3071 1127 3144 sit,

148 3154 169 3184 '“
180 3150 297 3227 quidem
321 3151 358 3207 ad
382 3151 580 3226 gubernacula
601 3151 768 3227 reipublioae
789 3151 932 3209 accedere
955 3169 1023 3207 eum
1037 3151 1167 3226 petie-as

150 3231 272 3293 “marl
307 3229 456 3305 potiusque
484 3230 667 3303 decemviris,
694 3231 848 3294 teterrimis
875 3229 1049 3302 mortalium,
1077 3229 1128 3302 qui
1192 3240 1194 3243 ’

149 3313 239 3368 “tum
252 3327 353 3368 omnes
371 3317 410 3367 ex
431 3309 564 3367 Patribus
584 3318 677 3376 erant,
692 3308 778 3384 qudm
799 3309 915 3385 optimis
929 3327 1031 3386 regum
1045 3308 1129 3365 novis

150 3399 169 3428 “
180 3387 356 3463 hominibus,
371 3387 479 3448 similes
493 3388 628 3447 eonsules
641 3407 741 3446 sumus
755 3387 903 3447 hinituril

186 3548 240 3609 IV.
263 3557 282 3586 “
295 3547 336 3606 Αι
349 3547 428 3606 enim
441 3534 537 3619 nemo,
551 3560 616 3626 post
629 3566 712 3628 reges
726 3560 853 3619 exactos,
875 3549 912 3606 de
925 3548 1010 3638 plebe
1024 3521 1128 3605 eonsnl
1186 3607 1188 3610 ,

148 3639 167 3667 “
180 3622 241 3688 furt.
281 3626 365 3691 Quid
379 3631 502 3704 postea?
544 3629 672 3688 Nullane
684 3648 730 3686 res
744 3648 818 3687 nova
829 3628 941 3686 institui
955 3626 1064 3685 debet?
1085 3634 1127 3692 et,
1140 3643 1169 3681 ιιι
1263 3687 1264 3712 J

149 3708 255 3797 “quod
268 3707 398 3766 nondum
422 3717 467 3764 est
487 3707 596 3766 facturn
612 3707 751 3784 (multa
730 3707 809 3763 enim
823 3704 953 3764 nonduin
968 3714 1035 3762 sunt
1049 3702 1129 3761 faeta

73 3857 77 3867 ¹
148 3785 186 3816 “
179 3804 209 3843 m
223 3804 297 3845 novo
310 3785 440 3865 populo),
457 3803 493 3844 ea
506 3805 553 3860 no,
568 3805 593 3845 ιι
585 3785 690 3843 utilia
702 3784 820 3858 quidem
833 3784 902 3857 sint,
913 3784 976 3842 lieri
989 3789 1125 3859 oportet
1114 3784 1127 3824 l
