2520 4310
436 351 543 402 LIBER
557 351 645 402 xxfl.
662 349 725 423 cap.
742 367 801 401 arx.
1048 349 1108 409 201

74 529 78 538 ι
133 492 233 552 tendit.
275 491 407 551 Dictator
431 513 471 554 ex
489 496 661 554 auctoritate
682 496 799 554 Petrum
821 495 917 553 dictus
935 493 1107 567 illuditis,

132 583 162 631 et
175 572 225 630 Ti.
242 572 431 648 Sempronius
454 576 591 651 magister
614 577 754 651 equitum,
769 576 885 633 delectu
898 574 1003 646 edicto,
1015 572 1108 662 junio·

132 670 179 710 res
204 652 241 708 ab
265 653 349 710 annis
372 655 588 729 septemdecim,
613 666 643 713 et
666 656 805 730 quosdam
828 664 1017 730 praetextatos,
1039 671 1109 708 scn-

131 730 224 788 bunt:
239 744 359 806 quatuor
373 752 410 790 ex
424 735 468 790 his
481 735 611 811 legiones
628 747 658 793 et
672 736 749 793 mille
763 734 874 810 equites
887 732 992 790 effecti.
1035 731 1109 820 Item

107 810 169 867 cad
184 811 277 868 socios
298 812 630 888 Latinumquenomen,
645 815 681 872 ad
698 815 803 872 milites
816 833 852 872 ex
867 811 989 899 formula
1003 809 1110 885 accipr-

132 889 235 956 endos,
260 891 395 949 mittunt:
424 912 512 961 arma,
535 893 602 966 tela,
624 894 681 954 alia
705 894 798 970 parari
817 894 938 969 jubent3
959 902 989 948 et
1013 901 1110 946 vetera

132 967 269 1025 hostium.
283 971 373 1045 spolia
396 971 550 1029 detrahunt
568 973 683 1047 templis
703 973 928 1048 porticibusque.
971 969 1009 1026 Et
1022 969 1109 1025 aliam

131 1044 253 1103 formam
267 1050 332 1105 novi
355 1050 483 1108 delectus
498 1051 593 1125 inopia
614 1052 768 1121 liberorum
790 1053 917 1126 capitum
932 1069 967 1106 ac
982 1047 1109 1105 necessi·

130 1132 174 1180 tas
187 1125 287 1184 dedit:
307 1127 476 1192 octo-,millia
494 1129 633 1204 juvenum
656 1129 815 1187 validorum
833 1149 869 1187 ex
883 1128 1016 1198 servitiis,
1031 1125 1109 1201 pride

60 1267 66 1272 ,
99 1203 312 1262 1⁰sciscitantes
336 1207 476 1282 singulos,
500 1208 644 1278 vellentne
668 1209 801 1282 militare,
825 1219 921 1284 empta
934 1205 1050 1283 publice
1064 1222 1110 1261 ar·

129 1295 288 1342 manarunt.
310 1285 370 1342 Hic
384 1286 475 1343 miles.
487 1287 579 1363 magis
592 1288 710 1364 placuit,
724 1308 813 1365 quum
832 1288 925 1365 pretio
938 1287 1050 1344 minore
1064 1301 1109 1341 re·

130 1361 261 1420 dimendi
275 1365 402 1440 captivos
415 1366 500 1442 copia
512 1366 602 1424 fieret.

169 1517 284 1578 LVIII.
306 1521 441 1597 Namque
465 1522 624 1596 Hannibal,
638 1524 798 1582 secundum
819 1535 878 1581 tam
891 1541 1055 1600 prosperam
1070 1520 1107 1578 ad

130 1594 250 1658 Cannas
272 1619 409 1678 pugnam,
436 1602 549 1660 'victoris
570 1603 673 1680 magis,
687 1603 772 1678 quim
794 1604 899 1660 bellum
914 1603 1050 1678 gerentis,
1065 1601 1108 1658 iu·

66 1689 71 1700 ’
97 1685 228 1736 lotentus
242 1681 330 1747 curis,
351 1701 451 1756 quum,
466 1683 587 1758 captivis
607 1682 754 1758 productis
767 1682 991 1758 segregatisque,
1005 1680 1107 1749 socios,
1161 1695 1168 1718 ·-

128 1755 205 1815 sicut
226 1758 296 1817 ante
321 1761 357 1817 ad
372 1760 510 1818 Trebiam
526 1759 914 1837 Trasimenumque‘lfcu‘m
929 1757 1055 1834 benignis
1070 1757 1110 1816 al·

127 1833 254 1911 locutus,
272 1840 342 1896 sine
364 1841 456 1915 pretio
479 1841 654 1911 dimisisset;
683 1842 834 1899 Romanos
857 1859 969 1916 quoque
993 1848 1109 1896 vocatos

130 1911 218 1990 (quod
246 1937 394 1995 nunquam
419 1920 489 1978 aliis
510 1923 609 2001 antea)
625 1921 696 1979 satis
716 1921 778 1978 miti
792 1938 924 1977 sermone
939 1916 1110 1993 alloquitur:

86 2037 90 2043 ,
130 1994 232 2054 “Non
253 1998 468 2080 inter-„greciam
491 2000 545 2056 sibi
566 2019 631 2057 esse
652 2019 719 2058 cum
744 2000 887 2058 Romanis
911 1999 1038 2054 bellum:
1069 1995 1107 2051 de

95 2075 148 2137 Ν
160 2074 304 2151 dignitate
319 2089 403 2153 atque
424 2079 545 2154 imperio
569 2090 693 2136 certare.
730 2079 769 2136 Et
781 2090 876 2155 patres
890 2077 987 2134 iirtuti
1002 2075 1110 2165 Itoma-

78 2150 80 2154 ’
131 2153 150 2183 “
160 2171 207 2212 nae
232 2157 354 2224 cessisse
362 2177 373 2227 ,;
394 2167 467 2214 etse
481 2159 511 2214 id
526 2158 628 2230 anniti,
652 2169 684 2216 ut
697 2175 757 2215 suae
778 2157 904 2215 invicem
918 2155 1004 2214 simul
1019 2153 1109 2211 selrcr-

130 2233 210 2292 “tati
226 2247 256 2292 et
269 2236 365 2293 virtuti
379 2237 507 2295 cedatur.
549 2237 651 2312 Itaque
671 2237 833 2294 redimendi
852 2255 883 2293 se
897 2230 1110 2310 captiviscopi·

130 2317 150 2386 ?‘
164 2330 227 2374 am,
241 2314 357 2371 faceret
372 2316 514 2389 „pretium
542 2316 602 2374 sore
630 2317 661 2373 in
684 2317 790 2392 capita,
824 2315 913 2390 equiti
946 2312 1109 2388 quingenos

131 2392 349 2466 “quadrigatos
379 2411 523 2460 nummos,
560 2405 693 2452 trecenos
725 2394 826 2470 pediti,
853 2412 934 2452 servo
961 2387 1110 2448 centum.'’

95 2475 120 2517 ¹³⁵
129 2463 319 2544 Quamquam
334 2470 510 2556 aliquantum
524 2472 714 2546 adjiciebatur
723 2472 868 2547 equitibus
882 2471 918 2528 ad
932 2470 960 2527 id
974 2469 1110 2544 pretium,

129 2547 206 2619 quod
235 2549 404 2640 pffjgeraut
431 2550 570 2608 dedentes
597 2569 648 2628 se3
682 2550 739 2607 laeti
765 2561 864 2606 tamen
898 2563 1110 2622 quamcumque

129 2627 329 2686 conditionem
343 2628 511 2710 paraseeudi
526 2639 710 2703 acceperunt.
752 2628 866 2685 Placuit
879 2625 1015 2700 suffragio
1038 2624 1113 2698 ipso·

129 2719 193 2763 rum
222 2709 325 2765 decem
353 2707 450 2784 deligi,
473 2707 522 2782 qui
554 2707 680 2765 Romam
702 2707 739 2764 ad
762 2718 894 2764 senatum
929 2705 1023 2764 irent:
1053 2719 1110 2759 nec

129 2782 237 2858 pigrius
251 2787 328 2844 aliud
343 2787 421 2861 fidei,
435 2787 520 2863 quiin
535 2797 567 2844 ut
584 2786 715 2863 jurarent
735 2805 766 2844 se
781 2785 932 2851 redituros,
947 2793 1109 2872 acceptumt

29 2895 31 2901 .
97 2858 240 2924 ”Missus
262 2886 329 2924 cum
355 2867 400 2924 his
423 2866 561 2926 Carthalo
582 2866 686 2924 nobilis
708 2865 978 2941 Carthaginiensis3
999 2862 1058 2938 qui,
1084 2879 1109 2918 sr

130 2939 202 3002 forte'
217 2947 254 3002 ad
265 2965 367 3020 pacem
377 2945 551 3004 inclinarent
562 2947 683 3018 animos,
695 2945 876 3004 conditiones
890 2944 985 3016 serrat.
1005 2942 1109 3004 Quum

130 3024 240 3097 egressi
265 3024 367 3082 castris
384 3038 496 3098 essent,
510 3045 587 3083 uuus
610 3045 647 3082 ex
661 3026 706 3093 iis,
721 3023 841 3084 minime
855 3023 984 3082 Romani
998 3019 1125 3099 ingenii,

130 3097 226 3170 homo,
237 3104 314 3164 velut
327 3103 434 3179 aliquid
448 3105 562 3172 oblitus,
572 3105 760 3182 jurisjurandi
775 3103 903 3162 solvendi
918 3105 1005 3162 causi
1020 3117 1109 3178 quum

92 3244 95 3249 .
130 3176 161 3236 in
174 3194 270 3241 castra
283 3184 411 3257 redisset,
426 3195 493 3242 ante
508 3196 623 3246 noctem
645 3185 765 3242 comites
779 3184 947 3258 assequitur.
989 3182 1047 3240 Ubi
1060 3197 1111 3238 eos

97 3264 121 3306 ³⁵
130 3255 256 3326 Romam
271 3264 368 3322 venire
382 3264 547 3322 nuntiatum
560 3275 615 3330 est,
629 3264 798 3322 Carthaloni
817 3263 932 3322 obviam
944 3263 1029 3320 lictor
1042 3260 1110 3317 mis·

130 3355 191 3412 sus,
204 3340 253 3414 qui
278 3342 426 3399 dictatoris
449 3343 543 3402 verbis
557 3343 713 3412 nuntiaret,
730 3354 762 3407 ut
776 3354 843 3401 ante
857 3354 973 3401 noctem
987 3339 1110 3413 excede·

48 3435 50 3440 ’
130 3428 175 3476 rot
187 3418 295 3477 finibus
308 3419 460 3479 Romanis.
724 3490 726 3494 .
996 3443 999 3450 ’

170 3575 255 3652 LIX·
275 3576 394 3654 Legatis
415 3577 592 3652 captivorum
614 3591 732 3639 senatus
746 3581 785 3638 ab¹
803 3581 945 3638 dictatore
958 3576 1042 3633 datori
1055 3581 1108 3630 est.

129 3650 278 3734 (tuorum⁸
289 3655 434 3732 princeps,
458 3656 500 3716 M.
516 3659 632 3733 Junius,
655 3661 783 3718 “Patres
804 3654 992 3791 conscripti,''
1006 3652 1108 3745 inquit,

95 3737 121 3780 ‘⁰
131 3733 150 3764 “
161 3753 248 3793 nemo
261 3736 390 3794 nostrum
404 3736 525 3812 ignorat,
541 3739 612 3798 nulli
627 3757 752 3816 unquam
768 3735 879 3796 civitati
894 3735 920 3790 vi
932 3751 1007 3790 rores
1020 3731 1109 3790 fuisse

129 3811 300 3900 ‘'captivos,
316 3813 402 3897 quini
425 3827 539 3879 nostre.
581 3819 736 3891 Oaeterd-m,
760 3815 818 3874 uisi
842 3812 927 3873 nobis
949 3812 1015 3896 plis
1032 3812 1110 3892 justo
