<?xml version="1.0" encoding="UTF-8"?>
<!DOCTYPE html PUBLIC "-//W3C//DTD XHTML 1.0 Transitional//EN"
    "http://www.w3.org/TR/xhtml1/DTD/xhtml1-transitional.dtd">
<html xmlns="http://www.w3.org/1999/xhtml" xml:lang="en" lang="en">
 <head>
  <title>
</title>
<meta http-equiv="Content-Type" content="text/html;charset=utf-8" />
  <meta name='ocr-system' content='tesseract 3.04.00' />
  <meta name='ocr-capabilities' content='ocr_page ocr_carea ocr_par ocr_line ocrx_word'/>
</head>
<body>
  <div class='ocr_page' id='page_1' title='image "./historiarumetse03livygoog_0095.png"; bbox 0 0 2556 4314; ppageno 0'>
   <div class='ocr_carea' id='block_1_1' title="bbox 92 319 723 392">
    <p class='ocr_par' dir='ltr' id='par_1_1' title="bbox 92 319 723 392">
     <span class='ocr_line' id='line_1_1' title="bbox 92 319 723 392; baseline -0.006 -9"><span class='ocrx_word' id='word_1_1' title='bbox 92 371 101 383; x_wconf 93' lang='lat'><em>.</em></span> <span class='ocrx_word' id='word_1_2' title='bbox 147 319 188 392; x_wconf 76' lang='grc' dir='ltr'><strong>ιιι</strong></span> <span class='ocrx_word' id='word_1_3' title='bbox 548 333 619 384; x_wconf 85' lang='grc' dir='ltr'><strong>ιιιι</strong></span> <span class='ocrx_word' id='word_1_4' title='bbox 635 329 723 384; x_wconf 83' lang='grc' dir='ltr'><strong>ιιιιι</strong></span> 
     </span>
    </p>
   </div>
   <div class='ocr_carea' id='block_1_2' title="bbox 146 472 1162 1028">
    <p class='ocr_par' dir='ltr' id='par_1_2' title="bbox 146 472 1162 1028">
     <span class='ocr_line' id='line_1_2' title="bbox 148 472 1125 554; baseline 0.007 -22"><span class='ocrx_word' id='word_1_5' title='bbox 148 475 201 535; x_wconf 85' lang='lat' dir='ltr'><strong>vin</strong></span> <span class='ocrx_word' id='word_1_6' title='bbox 193 476 405 554; x_wconf 78' lang='lat' dir='ltr'>appellatione</span> <span class='ocrx_word' id='word_1_7' title='bbox 419 475 539 552; x_wconf 73' lang='lat' dir='ltr'><strong>collega</strong></span> <span class='ocrx_word' id='word_1_8' title='bbox 552 475 659 550; x_wconf 81' lang='lat' dir='ltr'><strong>corrigi</strong></span> <span class='ocrx_word' id='word_1_9' title='bbox 650 473 785 532; x_wconf 87' lang='lat' dir='ltr'><strong>reddita</strong></span> <span class='ocrx_word' id='word_1_10' title='bbox 798 472 835 530; x_wconf 83' lang='lat' dir='ltr'><strong>ab</strong></span> <span class='ocrx_word' id='word_1_11' title='bbox 849 492 880 531; x_wconf 90' lang='lat' dir='ltr'><strong>se</strong></span> <span class='ocrx_word' id='word_1_12' title='bbox 892 473 957 549; x_wconf 91' lang='lat' dir='ltr'><strong>jura</strong></span> <span class='ocrx_word' id='word_1_13' title='bbox 971 476 1125 539; x_wconf 87' lang='lat' dir='ltr'><strong>tulissent:</strong></span> 
     </span>
     <span class='ocr_line' id='line_1_3' title="bbox 147 553 1125 632; baseline 0.005 -20"><span class='ocrx_word' id='word_1_14' title='bbox 147 557 331 646; x_wconf 85' lang='lat' dir='ltr'><strong>etquaedam,</strong></span> <span class='ocrx_word' id='word_1_15' title='bbox 345 574 409 632; x_wconf 85' lang='lat' dir='ltr'><strong>quae</strong></span> <span class='ocrx_word' id='word_1_16' title='bbox 434 574 479 612; x_wconf 89' lang='lat' dir='ltr'><strong>sur</strong></span> <span class='ocrx_word' id='word_1_17' title='bbox 471 554 593 631; x_wconf 85' lang='lat' dir='ltr'><strong>&#39;judicii</strong></span> <span class='ocrx_word' id='word_1_18' title='bbox 617 553 708 611; x_wconf 85' lang='lat' dir='ltr'><strong>videri</strong></span> <span class='ocrx_word' id='word_1_19' title='bbox 729 564 856 628; x_wconf 86' lang='lat' dir='ltr'>possent,</span> <span class='ocrx_word' id='word_1_20' title='bbox 871 555 907 610; x_wconf 88' lang='lat' dir='ltr'><strong>ad</strong></span> <span class='ocrx_word' id='word_1_21' title='bbox 929 555 1063 630; x_wconf 90' lang='lat' dir='ltr'><strong>populum</strong></span> <span class='ocrx_word' id='word_1_22' title='bbox 1079 579 1125 617; x_wconf 90' lang='lat' dir='ltr'><strong>re-</strong></span> 
     </span>
     <span class='ocr_line' id='line_1_4' title="bbox 146 633 1123 712; baseline 0.004 -20"><span class='ocrx_word' id='word_1_23' title='bbox 146 635 293 711; x_wconf 85' lang='lat' dir='ltr'><strong>jecissent.</strong></span> <span class='ocrx_word' id='word_1_24' title='bbox 346 634 537 712; x_wconf 87' lang='grc' dir='ltr'><strong>Αιιιιιιιιιιιιιιι</strong></span> <span class='ocrx_word' id='word_1_25' title='bbox 559 643 687 708; x_wconf 80' lang='lat' dir='ltr'><strong>aequatus</strong></span> <span class='ocrx_word' id='word_1_26' title='bbox 710 633 785 690; x_wconf 89' lang='lat' dir='ltr'><strong>inter</strong></span> <span class='ocrx_word' id='word_1_27' title='bbox 808 651 910 690; x_wconf 89' lang='lat' dir='ltr'><strong>omnes</strong></span> <span class='ocrx_word' id='word_1_28' title='bbox 934 643 1024 692; x_wconf 90' lang='lat' dir='ltr'><strong>terror</strong></span> <span class='ocrx_word' id='word_1_29' title='bbox 1048 637 1123 696; x_wconf 84' lang='lat' dir='ltr'><strong>luit:</strong></span> 
     </span>
     <span class='ocr_line' id='line_1_5' title="bbox 147 712 1124 788; baseline 0.004 -18"><span class='ocrx_word' id='word_1_30' title='bbox 147 714 285 788; x_wconf 88' lang='lat' dir='ltr'><strong>paulatim</strong></span> <span class='ocrx_word' id='word_1_31' title='bbox 309 723 385 773; x_wconf 91' lang='lat' dir='ltr'><strong>totus</strong></span> <span class='ocrx_word' id='word_1_32' title='bbox 408 723 520 770; x_wconf 89' lang='lat' dir='ltr'><strong>vertere</strong></span> <span class='ocrx_word' id='word_1_33' title='bbox 544 713 575 770; x_wconf 91' lang='lat' dir='ltr'><strong>in</strong></span> <span class='ocrx_word' id='word_1_34' title='bbox 598 712 713 788; x_wconf 82' lang='lat' dir='ltr'><strong>plebem</strong></span> <span class='ocrx_word' id='word_1_35' title='bbox 736 712 834 787; x_wconf 88' lang='lat' dir='ltr'><strong>coepit.</strong></span> <span class='ocrx_word' id='word_1_36' title='bbox 874 712 1084 774; x_wconf 83' lang='lat' dir='ltr'><strong>Abstrnebatur</strong></span> <span class='ocrx_word' id='word_1_37' title='bbox 1106 736 1124 774; x_wconf 91' lang='lat' dir='ltr'><strong>a</strong></span> 
     </span>
     <span class='ocr_line' id='line_1_6' title="bbox 148 789 1162 867; baseline 0 -17"><span class='ocrx_word' id='word_1_38' title='bbox 148 791 300 851; x_wconf 86' lang='lat' dir='ltr'><strong>Patribus:</strong></span> <span class='ocrx_word' id='word_1_39' title='bbox 322 794 352 851; x_wconf 93' lang='lat' dir='ltr'><strong>in</strong></span> <span class='ocrx_word' id='word_1_40' title='bbox 377 792 544 851; x_wconf 89' lang='lat' dir='ltr'><strong>humiliores</strong></span> <span class='ocrx_word' id='word_1_41' title='bbox 566 789 707 854; x_wconf 75' lang='lat' dir='ltr'><strong>libdinosd</strong></span> <span class='ocrx_word' id='word_1_42' title='bbox 726 791 939 867; x_wconf 80' lang='lat' dir='ltr'><strong>crudeliterque</strong></span> <span class='ocrx_word' id='word_1_43' title='bbox 953 795 1124 854; x_wconf 88' lang='lat' dir='ltr'><strong>consuleba-</strong></span> <span class='ocrx_word' id='word_1_44' title='bbox 1147 810 1162 850; x_wconf 83' lang='lat'><strong>5</strong></span> 
     </span>
     <span class='ocr_line' id='line_1_7' title="bbox 148 870 1123 949; baseline 0.003 -19"><span class='ocrx_word' id='word_1_45' title='bbox 148 883 213 931; x_wconf 84' lang='lat' dir='ltr'><strong>tur:</strong></span> <span class='ocrx_word' id='word_1_46' title='bbox 235 873 395 940; x_wconf 89' lang='lat' dir='ltr'><strong>hominurn,</strong></span> <span class='ocrx_word' id='word_1_47' title='bbox 422 891 481 930; x_wconf 91' lang='lat' dir='ltr'><strong>uon</strong></span> <span class='ocrx_word' id='word_1_48' title='bbox 506 889 668 942; x_wconf 89' lang='lat' dir='ltr'><strong>causarum,</strong></span> <span class='ocrx_word' id='word_1_49' title='bbox 690 870 742 927; x_wconf 93' lang='lat' dir='ltr'><strong>toti</strong></span> <span class='ocrx_word' id='word_1_50' title='bbox 763 880 865 940; x_wconf 82' lang='lat' dir='ltr'><strong>erant3</strong></span> <span class='ocrx_word' id='word_1_51' title='bbox 897 881 930 928; x_wconf 90' lang='lat' dir='ltr'><strong>ut</strong></span> <span class='ocrx_word' id='word_1_52' title='bbox 954 874 1031 948; x_wconf 92' lang='lat' dir='ltr'><strong>apud</strong></span> <span class='ocrx_word' id='word_1_53' title='bbox 1052 893 1123 949; x_wconf 88' lang='lat' dir='ltr'><strong>quos</strong></span> 
     </span>
     <span class='ocr_line' id='line_1_8' title="bbox 148 949 1124 1028; baseline 0.001 -18"><span class='ocrx_word' id='word_1_54' title='bbox 148 952 241 1028; x_wconf 80' lang='lat' dir='ltr'><strong>gratia</strong></span> <span class='ocrx_word' id='word_1_55' title='bbox 252 953 311 1010; x_wconf 82' lang='lat' dir='ltr'><strong>vim</strong></span> <span class='ocrx_word' id='word_1_56' title='bbox 325 951 398 1027; x_wconf 86' lang='lat' dir='ltr'><strong>aequi</strong></span> <span class='ocrx_word' id='word_1_57' title='bbox 412 951 538 1009; x_wconf 89' lang='lat' dir='ltr'><strong>haberet.</strong></span> <span class='ocrx_word' id='word_1_58' title='bbox 581 949 698 1006; x_wconf 78' lang='lat' dir='ltr'><strong>iudicia</strong></span> <span class='ocrx_word' id='word_1_59' title='bbox 711 949 789 1007; x_wconf 91' lang='lat' dir='ltr'><strong>domi</strong></span> <span class='ocrx_word' id='word_1_60' title='bbox 800 949 878 1007; x_wconf 87' lang='lat' dir='ltr'><strong>confi</strong></span> <span class='ocrx_word' id='word_1_61' title='bbox 896 950 976 1019; x_wconf 89' lang='lat' dir='ltr'><strong>bant,</strong></span> <span class='ocrx_word' id='word_1_62' title='bbox 997 971 1124 1028; x_wconf 92' lang='lat' dir='ltr'><strong>pronun·</strong></span> 
     </span>
    </p>
   </div>
   <div class='ocr_carea' id='block_1_3' title="bbox 46 1028 1121 1106">
    <p class='ocr_par' dir='ltr' id='par_1_3' title="bbox 46 1028 1121 1106">
     <span class='ocr_line' id='line_1_9' title="bbox 46 1028 1121 1106; baseline 0.001 -17"><span class='ocrx_word' id='word_1_63' title='bbox 46 1050 75 1098; x_wconf 58' lang='lat'><strong>,⁴</strong></span> <span class='ocrx_word' id='word_1_64' title='bbox 148 1032 259 1089; x_wconf 88' lang='lat' dir='ltr'><strong>tiabant</strong></span> <span class='ocrx_word' id='word_1_65' title='bbox 282 1032 312 1089; x_wconf 90' lang='lat' dir='ltr'><strong>iu</strong></span> <span class='ocrx_word' id='word_1_66' title='bbox 337 1030 405 1089; x_wconf 86' lang='lat' dir='ltr'><strong>loro.</strong></span> <span class='ocrx_word' id='word_1_67' title='bbox 455 1029 487 1086; x_wconf 83' lang='lat' dir='ltr'><strong>Si</strong></span> <span class='ocrx_word' id='word_1_68' title='bbox 511 1029 575 1104; x_wconf 87' lang='lat' dir='ltr'><strong>quis</strong></span> <span class='ocrx_word' id='word_1_69' title='bbox 598 1028 740 1104; x_wconf 83' lang='lat' dir='ltr'><strong>collegam</strong></span> <span class='ocrx_word' id='word_1_70' title='bbox 765 1029 946 1103; x_wconf 70' lang='lat' dir='ltr'><strong>appellasset,</strong></span> <span class='ocrx_word' id='word_1_71' title='bbox 971 1032 1008 1087; x_wconf 89' lang='lat' dir='ltr'><strong>ab</strong></span> <span class='ocrx_word' id='word_1_72' title='bbox 1025 1049 1070 1106; x_wconf 88' lang='lat' dir='ltr'><strong>co,</strong></span> <span class='ocrx_word' id='word_1_73' title='bbox 1085 1033 1121 1090; x_wconf 88' lang='lat' dir='ltr'><strong>ad</strong></span> 
     </span>
    </p>
   </div>
   <div class='ocr_carea' id='block_1_4' title="bbox 148 1107 1159 1264">
    <p class='ocr_par' dir='ltr' id='par_1_4' title="bbox 148 1107 1159 1264">
     <span class='ocr_line' id='line_1_10' title="bbox 148 1107 1123 1186; baseline 0.001 -18"><span class='ocrx_word' id='word_1_74' title='bbox 148 1129 234 1186; x_wconf 87' lang='lat' dir='ltr'><strong>quern</strong></span> <span class='ocrx_word' id='word_1_75' title='bbox 249 1119 375 1183; x_wconf 87' lang='lat' dir='ltr'><strong>venerat,</strong></span> <span class='ocrx_word' id='word_1_76' title='bbox 389 1109 429 1166; x_wconf 90' lang='lat' dir='ltr'><strong>ita</strong></span> <span class='ocrx_word' id='word_1_77' title='bbox 450 1108 628 1175; x_wconf 85' lang='lat' dir='ltr'><strong>discedebat,</strong></span> <span class='ocrx_word' id='word_1_78' title='bbox 643 1117 675 1164; x_wconf 91' lang='lat' dir='ltr'><strong>ut</strong></span> <span class='ocrx_word' id='word_1_79' title='bbox 697 1107 860 1182; x_wconf 82' lang='lat' dir='ltr'><strong>poeniteret,</strong></span> <span class='ocrx_word' id='word_1_80' title='bbox 875 1115 933 1166; x_wconf 85' lang='lat' dir='ltr'><strong>non</strong></span> <span class='ocrx_word' id='word_1_81' title='bbox 953 1111 1056 1184; x_wconf 90' lang='lat' dir='ltr'><strong>prioris</strong></span> <span class='ocrx_word' id='word_1_82' title='bbox 1071 1113 1123 1170; x_wconf 89' lang='lat' dir='ltr'><strong>de-</strong></span> 
     </span>
     <span class='ocr_line' id='line_1_11' title="bbox 149 1177 1159 1264; baseline 0.002 -16"><span class='ocrx_word' id='word_1_83' title='bbox 149 1199 228 1248; x_wconf 89' lang='lat' dir='ltr'><strong>creto</strong></span> <span class='ocrx_word' id='word_1_84' title='bbox 242 1189 363 1247; x_wconf 84' lang='lat' dir='ltr'><strong>stetisse.</strong></span> <span class='ocrx_word' id='word_1_85' title='bbox 404 1177 513 1264; x_wconf 82' lang='lat' dir='ltr'><strong>Opinio</strong></span> <span class='ocrx_word' id='word_1_86' title='bbox 537 1187 625 1244; x_wconf 90' lang='lat' dir='ltr'><strong>etiarn</strong></span> <span class='ocrx_word' id='word_1_87' title='bbox 649 1186 711 1244; x_wconf 83' lang='lat' dir='ltr'><strong>sine</strong></span> <span class='ocrx_word' id='word_1_88' title='bbox 733 1197 852 1258; x_wconf 88' lang='lat' dir='ltr'><strong>auctore</strong></span> <span class='ocrx_word' id='word_1_89' title='bbox 876 1187 993 1256; x_wconf 85' lang='lat' dir='ltr'><strong>exierat,</strong></span> <span class='ocrx_word' id='word_1_90' title='bbox 1006 1208 1066 1246; x_wconf 91' lang='lat' dir='ltr'><strong>non</strong></span> <span class='ocrx_word' id='word_1_91' title='bbox 1089 1190 1159 1250; x_wconf 85' lang='lat' dir='ltr'><strong>inm</strong></span> 
     </span>
    </p>
   </div>
   <div class='ocr_carea' id='block_1_5' title="bbox 94 1265 1275 1348">
    <p class='ocr_par' dir='ltr' id='par_1_5' title="bbox 94 1265 1275 1348">
     <span class='ocr_line' id='line_1_12' title="bbox 94 1265 1275 1348; baseline -0.007 -21"><span class='ocrx_word' id='word_1_92' title='bbox 94 1289 96 1296; x_wconf 80' lang='grc'><strong>’</strong></span> <span class='ocrx_word' id='word_1_93' title='bbox 147 1269 296 1345; x_wconf 65' lang='lat' dir='ltr'><strong>praesentis</strong></span> <span class='ocrx_word' id='word_1_94' title='bbox 319 1265 404 1326; x_wconf 74' lang='lat' dir='ltr'><strong>modo</strong></span> <span class='ocrx_word' id='word_1_95' title='bbox 425 1267 560 1342; x_wconf 86' lang='lat' dir='ltr'><strong>temporis</strong></span> <span class='ocrx_word' id='word_1_96' title='bbox 583 1285 632 1323; x_wconf 92' lang='lat' dir='ltr'><strong>eos</strong></span> <span class='ocrx_word' id='word_1_97' title='bbox 646 1265 782 1341; x_wconf 90' lang='lat' dir='ltr'><strong>injuriam</strong></span> <span class='ocrx_word' id='word_1_98' title='bbox 801 1266 992 1342; x_wconf 73' lang='lat' dir='ltr'><strong>conspuisse,</strong></span> <span class='ocrx_word' id='word_1_99' title='bbox 1006 1269 1057 1325; x_wconf 89' lang='lat' dir='ltr'><strong>sed</strong></span> <span class='ocrx_word' id='word_1_100' title='bbox 1071 1266 1122 1327; x_wconf 86' lang='lat' dir='ltr'><strong>foe·</strong></span> <span class='ocrx_word' id='word_1_101' title='bbox 1173 1339 1179 1348; x_wconf 38' lang='grc'>,</span> <span class='ocrx_word' id='word_1_102' title='bbox 1271 1300 1275 1319; x_wconf 69' lang='grc' dir='ltr'><strong>ι</strong></span> 
     </span>
    </p>
   </div>
   <div class='ocr_carea' id='block_1_6' title="bbox 146 1343 1122 1584">
    <p class='ocr_par' dir='ltr' id='par_1_6' title="bbox 146 1343 1122 1584">
     <span class='ocr_line' id='line_1_13' title="bbox 147 1343 1122 1420; baseline 0 -14"><span class='ocrx_word' id='word_1_103' title='bbox 147 1348 203 1405; x_wconf 93' lang='lat' dir='ltr'><strong>dus</strong></span> <span class='ocrx_word' id='word_1_104' title='bbox 216 1343 427 1406; x_wconf 87' lang='lat' dir='ltr'><strong>clandestinum</strong></span> <span class='ocrx_word' id='word_1_105' title='bbox 449 1347 524 1404; x_wconf 90' lang='lat' dir='ltr'><strong>inter</strong></span> <span class='ocrx_word' id='word_1_106' title='bbox 547 1346 624 1420; x_wconf 88' lang='lat' dir='ltr'><strong>ipsos</strong></span> <span class='ocrx_word' id='word_1_107' title='bbox 635 1344 843 1420; x_wconf 80' lang='lat' dir='ltr'><strong>jurejurando&#39;</strong></span> <span class='ocrx_word' id='word_1_108' title='bbox 835 1356 937 1419; x_wconf 87' lang='lat' dir='ltr'><strong>rcturn,</strong></span> <span class='ocrx_word' id='word_1_109' title='bbox 951 1365 989 1404; x_wconf 89' lang='lat' dir='ltr'><strong>ne</strong></span> <span class='ocrx_word' id='word_1_110' title='bbox 1003 1349 1122 1407; x_wconf 88' lang='lat' dir='ltr'><strong>comitia</strong></span> 
     </span>
     <span class='ocr_line' id='line_1_14' title="bbox 148 1424 1122 1518; baseline 0.003 -34"><span class='ocrx_word' id='word_1_111' title='bbox 148 1427 297 1495; x_wconf 90' lang='lat' dir='ltr'><strong>haberent,</strong></span> <span class='ocrx_word' id='word_1_112' title='bbox 312 1437 506 1518; x_wconf 88' lang='lat' dir='ltr'><strong>perpetuoque</strong></span> <span class='ocrx_word' id='word_1_113' title='bbox 520 1424 726 1484; x_wconf 88' lang='lat' dir='ltr'><strong>decemviratu</strong></span> <span class='ocrx_word' id='word_1_114' title='bbox 729 1443 894 1500; x_wconf 89' lang='lat' dir='ltr'><strong>possessum</strong></span> <span class='ocrx_word' id='word_1_115' title='bbox 908 1427 998 1484; x_wconf 89' lang='lat' dir='ltr'><strong>semel</strong></span> <span class='ocrx_word' id='word_1_116' title='bbox 1011 1427 1122 1486; x_wconf 90' lang='lat' dir='ltr'><strong>obtine·</strong></span> 
     </span>
     <span class='ocr_line' id='line_1_15' title="bbox 146 1506 381 1584; baseline -0.004 -20"><span class='ocrx_word' id='word_1_117' title='bbox 146 1517 211 1566; x_wconf 86' lang='lat' dir='ltr'><strong>rent</strong></span> <span class='ocrx_word' id='word_1_118' title='bbox 221 1506 381 1584; x_wconf 89' lang='lat' dir='ltr'><strong>imperium.</strong></span> 
     </span>
    </p>
   </div>
   <div class='ocr_carea' id='block_1_7' title="bbox 88 1661 1158 2296">
    <p class='ocr_par' dir='ltr' id='par_1_7' title="bbox 146 1661 1158 1902">
     <span class='ocr_line' id='line_1_16' title="bbox 186 1661 1158 1744; baseline -0.003 -17"><span class='ocrx_word' id='word_1_119' title='bbox 186 1661 350 1727; x_wconf 86' lang='lat' dir='ltr'>XXXVII.</span> <span class='ocrx_word' id='word_1_120' title='bbox 372 1666 622 1742; x_wconf 69' lang='lat' dir='ltr'><strong>circumspectare</strong></span> <span class='ocrx_word' id='word_1_121' title='bbox 633 1665 888 1742; x_wconf 87' lang='lat' dir='ltr'><strong>tumpatriciorum</strong></span> <span class='ocrx_word' id='word_1_122' title='bbox 899 1667 995 1725; x_wconf 86' lang='lat' dir='ltr'><strong>vultus</strong></span> <span class='ocrx_word' id='word_1_123' title='bbox 1005 1667 1120 1744; x_wconf 88' lang='lat' dir='ltr'><strong>plebeji,</strong></span> <span class='ocrx_word' id='word_1_124' title='bbox 1132 1683 1158 1724; x_wconf 86' lang='lat'><strong>15</strong></span> 
     </span>
     <span class='ocr_line' id='line_1_17' title="bbox 146 1746 1121 1822; baseline 0.002 -18"><span class='ocrx_word' id='word_1_125' title='bbox 146 1755 177 1804; x_wconf 90' lang='lat' dir='ltr'><strong>et</strong></span> <span class='ocrx_word' id='word_1_126' title='bbox 190 1746 258 1805; x_wconf 92' lang='lat' dir='ltr'><strong>inde</strong></span> <span class='ocrx_word' id='word_1_127' title='bbox 281 1747 421 1804; x_wconf 82' lang='lat' dir='ltr'><strong>libertatis</strong></span> <span class='ocrx_word' id='word_1_128' title='bbox 444 1756 559 1822; x_wconf 87' lang='lat' dir='ltr'><strong>captare</strong></span> <span class='ocrx_word' id='word_1_129' title='bbox 584 1764 694 1813; x_wconf 87' lang='lat' dir='ltr'><strong>auram,</strong></span> <span class='ocrx_word' id='word_1_130' title='bbox 708 1747 786 1803; x_wconf 90' lang='lat' dir='ltr'><strong>unde</strong></span> <span class='ocrx_word' id='word_1_131' title='bbox 807 1747 975 1808; x_wconf 87' lang='lat' dir='ltr'><strong>servitutem</strong></span> <span class='ocrx_word' id='word_1_132' title='bbox 992 1748 1121 1806; x_wconf 89' lang='lat' dir='ltr'><strong>timendo</strong></span> 
     </span>
     <span class='ocr_line' id='line_1_18' title="bbox 148 1809 1120 1902; baseline -0.002 -17"><span class='ocrx_word' id='word_1_133' title='bbox 148 1826 178 1884; x_wconf 91' lang='lat' dir='ltr'><strong>in</strong></span> <span class='ocrx_word' id='word_1_134' title='bbox 192 1846 260 1884; x_wconf 90' lang='lat' dir='ltr'><strong>eum</strong></span> <span class='ocrx_word' id='word_1_135' title='bbox 274 1837 378 1885; x_wconf 88' lang='lat' dir='ltr'><strong>statum</strong></span> <span class='ocrx_word' id='word_1_136' title='bbox 392 1825 599 1902; x_wconf 88' lang='lat' dir='ltr'><strong>rempublicam</strong></span> <span class='ocrx_word' id='word_1_137' title='bbox 615 1825 802 1883; x_wconf 81' lang='lat' dir='ltr'><strong>adduxerant.</strong></span> <span class='ocrx_word' id='word_1_138' title='bbox 843 1809 986 1882; x_wconf 83' lang='lat' dir='ltr'><strong>Primores</strong></span> <span class='ocrx_word' id='word_1_139' title='bbox 1000 1826 1120 1883; x_wconf 89' lang='lat' dir='ltr'><strong>Patrum</strong></span> 
     </span>
    </p>

    <p class='ocr_par' dir='ltr' id='par_1_8' title="bbox 118 1904 1121 1980">
     <span class='ocr_line' id='line_1_19' title="bbox 118 1904 1121 1980; baseline -0.003 -16"><span class='ocrx_word' id='word_1_140' title='bbox 118 1929 123 1934; x_wconf 96' lang='lat'>·</span> <span class='ocrx_word' id='word_1_141' title='bbox 147 1904 243 1964; x_wconf 85' lang='lat' dir='ltr'><strong>odisse</strong></span> <span class='ocrx_word' id='word_1_142' title='bbox 267 1905 454 1978; x_wconf 86' lang='lat' dir='ltr'><strong>decemviros,</strong></span> <span class='ocrx_word' id='word_1_143' title='bbox 476 1905 571 1962; x_wconf 85' lang='lat' dir='ltr'><strong>odisse</strong></span> <span class='ocrx_word' id='word_1_144' title='bbox 593 1904 726 1980; x_wconf 89' lang='lat' dir='ltr'><strong>plebem.</strong></span> <span class='ocrx_word' id='word_1_145' title='bbox 748 1923 804 1961; x_wconf 88' lang='lat' dir='ltr'><strong>nec</strong></span> <span class='ocrx_word' id='word_1_146' title='bbox 827 1905 958 1980; x_wconf 86' lang='lat' dir='ltr'><strong>probare,</strong></span> <span class='ocrx_word' id='word_1_147' title='bbox 976 1923 1040 1978; x_wconf 87' lang='lat' dir='ltr'><strong>quae</strong></span> <span class='ocrx_word' id='word_1_148' title='bbox 1068 1905 1121 1962; x_wconf 88' lang='lat' dir='ltr'><strong>fie-</strong></span> 
     </span>
    </p>

    <p class='ocr_par' dir='ltr' id='par_1_9' title="bbox 114 1982 1120 2060">
     <span class='ocr_line' id='line_1_20' title="bbox 114 1982 1120 2060; baseline 0.003 -20"><span class='ocrx_word' id='word_1_149' title='bbox 114 2013 115 2018; x_wconf 42' lang='lat'>1</span> <span class='ocrx_word' id='word_1_150' title='bbox 147 1994 230 2052; x_wconf 78' lang='lat' dir='ltr'><strong>rent3</strong></span> <span class='ocrx_word' id='word_1_151' title='bbox 251 1995 281 2041; x_wconf 91' lang='lat' dir='ltr'><strong>et</strong></span> <span class='ocrx_word' id='word_1_152' title='bbox 306 1985 435 2051; x_wconf 87' lang='lat' dir='ltr'><strong>credere,</strong></span> <span class='ocrx_word' id='word_1_153' title='bbox 460 1985 538 2041; x_wconf 88' lang='lat' dir='ltr'><strong>haud</strong></span> <span class='ocrx_word' id='word_1_154' title='bbox 562 1984 690 2060; x_wconf 82' lang='lat' dir='ltr'><strong>indignis</strong></span> <span class='ocrx_word' id='word_1_155' title='bbox 714 1984 856 2041; x_wconf 85' lang='lat' dir='ltr'><strong>accidere.</strong></span> <span class='ocrx_word' id='word_1_156' title='bbox 898 1982 992 2040; x_wconf 68' lang='lat' dir='ltr'><strong>Avida</strong></span> <span class='ocrx_word' id='word_1_157' title='bbox 1007 1985 1120 2043; x_wconf 84' lang='lat' dir='ltr'><strong>ruendo</strong></span> 
     </span>
    </p>

    <p class='ocr_par' dir='ltr' id='par_1_10' title="bbox 88 2026 1157 2296">
     <span class='ocr_line' id='line_1_21' title="bbox 122 2026 1157 2154; baseline -0.001 -34"><span class='ocrx_word' id='word_1_158' title='bbox 122 2110 127 2119; x_wconf 77' lang='grc'><strong>,</strong></span> <span class='ocrx_word' id='word_1_159' title='bbox 148 2062 184 2120; x_wconf 96' lang='grc' dir='ltr'><strong>ιιι</strong></span> <span class='ocrx_word' id='word_1_160' title='bbox 198 2026 387 2121; x_wconf 87' lang='lat' dir='ltr'><strong>libertatem</strong></span> <span class='ocrx_word' id='word_1_161' title='bbox 380 2082 410 2120; x_wconf 88' lang='grc' dir='ltr'><strong>ιιι</strong></span> <span class='ocrx_word' id='word_1_162' title='bbox 432 2063 597 2120; x_wconf 87' lang='lat' dir='ltr'><strong>servitutem</strong></span> <span class='ocrx_word' id='word_1_163' title='bbox 617 2062 839 2154; x_wconf 78' lang='lat' dir='ltr'><strong>elapsosJuvare</strong></span> <span class='ocrx_word' id='word_1_164' title='bbox 853 2062 947 2120; x_wconf 89' lang='lat' dir='ltr'><strong>nolle:</strong></span> <span class='ocrx_word' id='word_1_165' title='bbox 969 2062 1157 2121; x_wconf 74' lang='lat' dir='ltr'><strong>cumularem</strong></span> 
     </span>
     <span class='ocr_line' id='line_1_22' title="bbox 88 2142 1118 2232; baseline 0.003 -34"><span class='ocrx_word' id='word_1_166' title='bbox 88 2153 92 2160; x_wconf 90' lang='lat'>&#39;</span> <span class='ocrx_word' id='word_1_167' title='bbox 146 2160 259 2218; x_wconf 91' lang='lat' dir='ltr'><strong>quoque</strong></span> <span class='ocrx_word' id='word_1_168' title='bbox 273 2142 401 2219; x_wconf 81' lang='lat' dir='ltr'><strong>injuriae,</strong></span> <span class='ocrx_word' id='word_1_169' title='bbox 416 2151 457 2209; x_wconf 92' lang='lat' dir='ltr'><strong>ut,</strong></span> <span class='ocrx_word' id='word_1_170' title='bbox 469 2143 555 2200; x_wconf 79' lang='lat' dir='ltr'><strong>taedio</strong></span> <span class='ocrx_word' id='word_1_171' title='bbox 568 2142 762 2232; x_wconf 77' lang='lat' dir='ltr'><strong>praesentium,</strong></span> <span class='ocrx_word' id='word_1_172' title='bbox 772 2143 906 2200; x_wconf 88' lang='lat' dir='ltr'><strong>consules</strong></span> <span class='ocrx_word' id='word_1_173' title='bbox 919 2142 977 2200; x_wconf 92' lang='lat' dir='ltr'><strong>duo</strong></span> <span class='ocrx_word' id='word_1_174' title='bbox 990 2143 1118 2216; x_wconf 88' lang='lat' dir='ltr'><strong>tandem,</strong></span> 
     </span>
     <span class='ocr_line' id='line_1_23' title="bbox 147 2221 1120 2296; baseline 0.001 -18"><span class='ocrx_word' id='word_1_175' title='bbox 147 2231 178 2278; x_wconf 89' lang='lat' dir='ltr'><strong>et</strong></span> <span class='ocrx_word' id='word_1_176' title='bbox 200 2230 290 2278; x_wconf 89' lang='lat' dir='ltr'><strong>status</strong></span> <span class='ocrx_word' id='word_1_177' title='bbox 313 2221 450 2296; x_wconf 85' lang='lat' dir='ltr'><strong>pristinus</strong></span> <span class='ocrx_word' id='word_1_178' title='bbox 474 2221 603 2289; x_wconf 81' lang='lat' dir='ltr'><strong>rerum,</strong></span> <span class='ocrx_word' id='word_1_179' title='bbox 595 2241 626 2279; x_wconf 90' lang='grc' dir='ltr'><strong>ιιι</strong></span> <span class='ocrx_word' id='word_1_180' title='bbox 651 2221 827 2280; x_wconf 89' lang='lat' dir='ltr'><strong>desiderium</strong></span> <span class='ocrx_word' id='word_1_181' title='bbox 841 2221 966 2279; x_wconf 89' lang='lat' dir='ltr'><strong>veniant.</strong></span> <span class='ocrx_word' id='word_1_182' title='bbox 1008 2221 1074 2278; x_wconf 88' lang='lat' dir='ltr'><strong>Jam</strong></span> <span class='ocrx_word' id='word_1_183' title='bbox 1089 2235 1120 2279; x_wconf 87' lang='lat' dir='ltr'><strong>et</strong></span> 
     </span>
    </p>
   </div>
   <div class='ocr_carea' id='block_1_8' title="bbox 37 2300 1167 2390">
    <p class='ocr_par' dir='ltr' id='par_1_11' title="bbox 37 2300 1167 2390">
     <span class='ocr_line' id='line_1_24' title="bbox 37 2300 1167 2390; baseline 0.001 -34"><span class='ocrx_word' id='word_1_184' title='bbox 37 2349 40 2356; x_wconf 95' lang='lat'><em>.</em></span> <span class='ocrx_word' id='word_1_185' title='bbox 146 2311 324 2390; x_wconf 84' lang='lat' dir='ltr'><strong>prpcesserat</strong></span> <span class='ocrx_word' id='word_1_186' title='bbox 344 2319 410 2375; x_wconf 87' lang='lat' dir='ltr'><strong>pars</strong></span> <span class='ocrx_word' id='word_1_187' title='bbox 433 2301 525 2376; x_wconf 87' lang='lat' dir='ltr'><strong>major</strong></span> <span class='ocrx_word' id='word_1_188' title='bbox 548 2301 628 2373; x_wconf 88' lang='lat' dir='ltr'><strong>anni,</strong></span> <span class='ocrx_word' id='word_1_189' title='bbox 651 2311 681 2358; x_wconf 90' lang='lat' dir='ltr'><strong>et</strong></span> <span class='ocrx_word' id='word_1_190' title='bbox 694 2301 759 2358; x_wconf 80' lang='lat' dir='ltr'><strong>duae</strong></span> <span class='ocrx_word' id='word_1_191' title='bbox 782 2301 886 2359; x_wconf 81' lang='lat' dir='ltr'><strong>tabulae</strong></span> <span class='ocrx_word' id='word_1_192' title='bbox 899 2301 997 2376; x_wconf 84' lang='lat' dir='ltr'><strong>legum</strong></span> <span class='ocrx_word' id='word_1_193' title='bbox 1011 2301 1048 2356; x_wconf 92' lang='lat' dir='ltr'><strong>ad</strong></span> <span class='ocrx_word' id='word_1_194' title='bbox 1062 2300 1120 2389; x_wconf 91' lang='lat' dir='ltr'><strong>pri·</strong></span> <span class='ocrx_word' id='word_1_195' title='bbox 1164 2352 1167 2357; x_wconf 90' lang='lat'>.</span> 
     </span>
    </p>
   </div>
   <div class='ocr_carea' id='block_1_9' title="bbox 88 2379 1157 2694">
    <p class='ocr_par' dir='ltr' id='par_1_12' title="bbox 88 2379 1157 2694">
     <span class='ocr_line' id='line_1_25' title="bbox 146 2379 1120 2470; baseline 0 -33"><span class='ocrx_word' id='word_1_196' title='bbox 146 2379 204 2438; x_wconf 92' lang='lat' dir='ltr'><strong>oris</strong></span> <span class='ocrx_word' id='word_1_197' title='bbox 218 2398 287 2436; x_wconf 86' lang='lat' dir='ltr'><strong>anrn</strong></span> <span class='ocrx_word' id='word_1_198' title='bbox 279 2379 404 2437; x_wconf 90' lang='lat' dir='ltr'><strong>decern</strong></span> <span class='ocrx_word' id='word_1_199' title='bbox 417 2380 530 2438; x_wconf 83' lang='lat' dir='ltr'><strong>tabulas</strong></span> <span class='ocrx_word' id='word_1_200' title='bbox 543 2389 625 2438; x_wconf 87' lang='lat' dir='ltr'><strong>erant</strong></span> <span class='ocrx_word' id='word_1_201' title='bbox 649 2379 789 2456; x_wconf 81' lang='lat' dir='ltr'><strong>adjectae:</strong></span> <span class='ocrx_word' id='word_1_202' title='bbox 811 2399 868 2438; x_wconf 88' lang='lat' dir='ltr'><strong>nec</strong></span> <span class='ocrx_word' id='word_1_203' title='bbox 891 2379 1069 2470; x_wconf 78' lang='lat' dir='ltr'><strong>quidquam&#39;</strong></span> <span class='ocrx_word' id='word_1_204' title='bbox 1059 2398 1120 2454; x_wconf 92' lang='lat' dir='ltr'><strong>Jam</strong></span> 
     </span>
     <span class='ocr_line' id='line_1_26' title="bbox 88 2458 1157 2534; baseline 0.002 -18"><span class='ocrx_word' id='word_1_205' title='bbox 88 2509 98 2534; x_wconf 67' lang='grc'>,</span> <span class='ocrx_word' id='word_1_206' title='bbox 147 2468 303 2534; x_wconf 88' lang='lat' dir='ltr'><strong>supererat,</strong></span> <span class='ocrx_word' id='word_1_207' title='bbox 318 2459 342 2517; x_wconf 91' lang='lat' dir='ltr'><strong>si</strong></span> <span class='ocrx_word' id='word_1_208' title='bbox 366 2460 411 2516; x_wconf 84' lang='lat' dir='ltr'><strong>hae</strong></span> <span class='ocrx_word' id='word_1_209' title='bbox 434 2473 547 2534; x_wconf 89' lang='lat' dir='ltr'><strong>quoque</strong></span> <span class='ocrx_word' id='word_1_210' title='bbox 570 2459 650 2534; x_wconf 84' lang='lat' dir='ltr'><strong>leges</strong></span> <span class='ocrx_word' id='word_1_211' title='bbox 674 2459 844 2518; x_wconf 89' lang='lat' dir='ltr'><strong>centuriatis</strong></span> <span class='ocrx_word' id='word_1_212' title='bbox 865 2459 990 2516; x_wconf 90' lang='lat' dir='ltr'><strong>comitiis</strong></span> <span class='ocrx_word' id='word_1_213' title='bbox 1003 2458 1157 2534; x_wconf 73' lang='lat' dir='ltr'><strong>perlataeaa</strong></span> 
     </span>
     <span class='ocr_line' id='line_1_27' title="bbox 146 2537 1121 2615; baseline -0.002 -19"><span class='ocrx_word' id='word_1_214' title='bbox 146 2548 252 2606; x_wconf 87' lang='lat' dir='ltr'><strong>essent,</strong></span> <span class='ocrx_word' id='word_1_215' title='bbox 267 2558 319 2596; x_wconf 91' lang='lat' dir='ltr'><strong>cur</strong></span> <span class='ocrx_word' id='word_1_216' title='bbox 333 2557 367 2596; x_wconf 92' lang='lat' dir='ltr'><strong>eo</strong></span> <span class='ocrx_word' id='word_1_217' title='bbox 381 2537 548 2615; x_wconf 86' lang='lat' dir='ltr'><strong>magistratu</strong></span> <span class='ocrx_word' id='word_1_218' title='bbox 562 2537 728 2614; x_wconf 85' lang='lat' dir='ltr'><strong>reipublicae</strong></span> <span class='ocrx_word' id='word_1_219' title='bbox 741 2558 814 2614; x_wconf 93' lang='lat' dir='ltr'><strong>opus</strong></span> <span class='ocrx_word' id='word_1_220' title='bbox 828 2548 933 2596; x_wconf 83' lang='lat' dir='ltr'><strong>essent.</strong></span> <span class='ocrx_word' id='word_1_221' title='bbox 960 2538 1121 2612; x_wconf 83' lang='lat' dir='ltr'><strong>Exspecta-</strong></span> 
     </span>
     <span class='ocr_line' id='line_1_28' title="bbox 146 2616 1121 2694; baseline -0.002 -18"><span class='ocrx_word' id='word_1_222' title='bbox 146 2618 227 2691; x_wconf 88' lang='lat' dir='ltr'><strong>bant,</strong></span> <span class='ocrx_word' id='word_1_223' title='bbox 240 2618 324 2694; x_wconf 68' lang='lat' dir='ltr'><strong>quarn</strong></span> <span class='ocrx_word' id='word_1_224' title='bbox 339 2637 405 2676; x_wconf 87' lang='lat' dir='ltr'><strong>mox</strong></span> <span class='ocrx_word' id='word_1_225' title='bbox 416 2618 583 2676; x_wconf 83' lang='lat' dir='ltr'><strong>consulibus</strong></span> <span class='ocrx_word' id='word_1_226' title='bbox 594 2618 729 2674; x_wconf 89' lang='lat' dir='ltr'><strong>creandis</strong></span> <span class='ocrx_word' id='word_1_227' title='bbox 739 2618 1056 2676; x_wconf 83' lang='lat' dir='ltr'><strong>comitiaedicerentur.</strong></span> <span class='ocrx_word' id='word_1_228' title='bbox 1084 2616 1121 2674; x_wconf 95' lang='lat' dir='ltr'><strong>Id</strong></span> 
     </span>
    </p>
   </div>
   <div class='ocr_carea' id='block_1_10' title="bbox 57 2697 1120 2774">
    <p class='ocr_par' dir='ltr' id='par_1_13' title="bbox 57 2697 1120 2774">
     <span class='ocr_line' id='line_1_29' title="bbox 57 2697 1120 2774; baseline -0.003 -18"><span class='ocrx_word' id='word_1_229' title='bbox 57 2717 66 2735; x_wconf 53' lang='grc' dir='ltr'><strong>ι</strong></span> <span class='ocrx_word' id='word_1_230' title='bbox 146 2697 231 2758; x_wconf 87' lang='lat' dir='ltr'><strong>modd</strong></span> <span class='ocrx_word' id='word_1_231' title='bbox 244 2698 343 2774; x_wconf 85' lang='lat' dir='ltr'><strong>plebes</strong></span> <span class='ocrx_word' id='word_1_232' title='bbox 356 2698 492 2774; x_wconf 85' lang='lat' dir='ltr'><strong>agitabat,</strong></span> <span class='ocrx_word' id='word_1_233' title='bbox 506 2716 630 2773; x_wconf 90' lang='lat' dir='ltr'><strong>quonam</strong></span> <span class='ocrx_word' id='word_1_234' title='bbox 641 2697 726 2754; x_wconf 92' lang='lat' dir='ltr'><strong>modo</strong></span> <span class='ocrx_word' id='word_1_235' title='bbox 739 2697 925 2754; x_wconf 89' lang='lat' dir='ltr'><strong>tribuniciam</strong></span> <span class='ocrx_word' id='word_1_236' title='bbox 938 2705 1120 2772; x_wconf 89' lang='lat' dir='ltr'><strong>potestatem,</strong></span> 
     </span>
    </p>
   </div>
   <div class='ocr_carea' id='block_1_11' title="bbox 142 2776 1184 3726">
    <p class='ocr_par' dir='ltr' id='par_1_14' title="bbox 142 2776 1184 3726">
     <span class='ocr_line' id='line_1_30' title="bbox 145 2776 1120 2852; baseline -0.003 -17"><span class='ocrx_word' id='word_1_237' title='bbox 145 2777 356 2835; x_wconf 89' lang='lat' dir='ltr'><strong>munimentum</strong></span> <span class='ocrx_word' id='word_1_238' title='bbox 370 2777 503 2850; x_wconf 88' lang='lat' dir='ltr'><strong>libertati,</strong></span> <span class='ocrx_word' id='word_1_239' title='bbox 518 2796 579 2834; x_wconf 90' lang='lat' dir='ltr'><strong>rem</strong></span> <span class='ocrx_word' id='word_1_240' title='bbox 593 2777 795 2844; x_wconf 87' lang='lat' dir='ltr'><strong>intermissam,</strong></span> <span class='ocrx_word' id='word_1_241' title='bbox 810 2786 983 2852; x_wconf 90' lang='lat' dir='ltr'><strong>repararent.</strong></span> <span class='ocrx_word' id='word_1_242' title='bbox 1015 2776 1120 2837; x_wconf 77' lang='lat' dir='ltr'><strong>Quum</strong></span> 
     </span>
     <span class='ocr_line' id='line_1_31' title="bbox 145 2853 1156 2930; baseline 0.004 -18"><span class='ocrx_word' id='word_1_243' title='bbox 145 2855 262 2912; x_wconf 89' lang='lat' dir='ltr'><strong>interim</strong></span> <span class='ocrx_word' id='word_1_244' title='bbox 286 2855 394 2913; x_wconf 88' lang='lat' dir='ltr'><strong>mentio</strong></span> <span class='ocrx_word' id='word_1_245' title='bbox 417 2856 600 2914; x_wconf 87' lang='lat' dir='ltr'><strong>comitiorum</strong></span> <span class='ocrx_word' id='word_1_246' title='bbox 623 2856 704 2912; x_wconf 86' lang='lat' dir='ltr'><strong>nulla</strong></span> <span class='ocrx_word' id='word_1_247' title='bbox 728 2855 800 2924; x_wconf 91' lang='lat' dir='ltr'><strong>lieri,</strong></span> <span class='ocrx_word' id='word_1_248' title='bbox 824 2865 854 2912; x_wconf 87' lang='lat' dir='ltr'><strong>et</strong></span> <span class='ocrx_word' id='word_1_249' title='bbox 877 2854 1043 2921; x_wconf 88' lang='lat' dir='ltr'><strong>decemviri,</strong></span> <span class='ocrx_word' id='word_1_250' title='bbox 1069 2853 1156 2930; x_wconf 84' lang='lat' dir='ltr'><strong>quiao</strong></span> 
     </span>
     <span class='ocr_line' id='line_1_32' title="bbox 145 2931 1121 3010; baseline 0 -20"><span class='ocrx_word' id='word_1_251' title='bbox 145 2931 238 3009; x_wconf 80' lang='lat' dir='ltr'><strong>primd</strong></span> <span class='ocrx_word' id='word_1_252' title='bbox 252 2933 421 2992; x_wconf 88' lang='lat' dir='ltr'><strong>tribunicios</strong></span> <span class='ocrx_word' id='word_1_253' title='bbox 444 2935 586 3007; x_wconf 85' lang='lat' dir='ltr'><strong>homines,</strong></span> <span class='ocrx_word' id='word_1_254' title='bbox 600 2935 667 3009; x_wconf 89' lang='lat' dir='ltr'><strong>quia</strong></span> <span class='ocrx_word' id='word_1_255' title='bbox 681 2935 710 2992; x_wconf 93' lang='lat' dir='ltr'><strong>id</strong></span> <span class='ocrx_word' id='word_1_256' title='bbox 731 2933 866 3010; x_wconf 87' lang='lat' dir='ltr'><strong>populare</strong></span> <span class='ocrx_word' id='word_1_257' title='bbox 880 2933 1049 3006; x_wconf 87' lang='lat' dir='ltr'><strong>habebatur,</strong></span> <span class='ocrx_word' id='word_1_258' title='bbox 1064 2935 1121 2992; x_wconf 89' lang='lat' dir='ltr'><strong>cir-</strong></span> 
     </span>
     <span class='ocr_line' id='line_1_33' title="bbox 146 3013 1120 3090; baseline -0.001 -19"><span class='ocrx_word' id='word_1_259' title='bbox 146 3031 213 3072; x_wconf 90' lang='lat' dir='ltr'><strong>cum</strong></span> <span class='ocrx_word' id='word_1_260' title='bbox 238 3031 269 3070; x_wconf 87' lang='lat' dir='ltr'><strong>se</strong></span> <span class='ocrx_word' id='word_1_261' title='bbox 293 3022 505 3071; x_wconf 87' lang='lat' dir='ltr'><strong>ostentaverant</strong></span> <span class='ocrx_word' id='word_1_262' title='bbox 525 3015 612 3090; x_wconf 85' lang='lat' dir='ltr'><strong>plebi,</strong></span> <span class='ocrx_word' id='word_1_263' title='bbox 644 3014 773 3090; x_wconf 88' lang='lat' dir='ltr'><strong>patriciis</strong></span> <span class='ocrx_word' id='word_1_264' title='bbox 792 3013 946 3090; x_wconf 84' lang='lat' dir='ltr'><strong>J&#39;uvenibus</strong></span> <span class='ocrx_word' id='word_1_265' title='bbox 970 3023 1120 3088; x_wconf 87' lang='lat' dir='ltr'><strong>sepserant</strong></span> 
     </span>
     <span class='ocr_line' id='line_1_34' title="bbox 145 3092 1118 3167; baseline 0 -18"><span class='ocrx_word' id='word_1_266' title='bbox 145 3093 253 3152; x_wconf 82' lang='lat' dir='ltr'><strong>latera·</strong></span> <span class='ocrx_word' id='word_1_267' title='bbox 288 3111 386 3150; x_wconf 90' lang='lat' dir='ltr'><strong>eorum</strong></span> <span class='ocrx_word' id='word_1_268' title='bbox 410 3103 531 3152; x_wconf 87' lang='lat' dir='ltr'><strong>catervae</strong></span> <span class='ocrx_word' id='word_1_269' title='bbox 555 3094 710 3151; x_wconf 91' lang='lat' dir='ltr'><strong>tribunalia</strong></span> <span class='ocrx_word' id='word_1_270' title='bbox 730 3093 912 3151; x_wconf 81' lang='lat' dir='ltr'><strong>obsederant</strong></span> <span class='ocrx_word' id='word_1_271' title='bbox 969 3092 1011 3149; x_wconf 92' lang='lat' dir='ltr'><strong>Hi</strong></span> <span class='ocrx_word' id='word_1_272' title='bbox 1034 3093 1118 3167; x_wconf 87' lang='lat' dir='ltr'><strong>ferre,</strong></span> 
     </span>
     <span class='ocr_line' id='line_1_35' title="bbox 145 3171 1119 3264; baseline 0 -36"><span class='ocrx_word' id='word_1_273' title='bbox 145 3190 232 3262; x_wconf 75' lang='lat' dir='ltr'><strong>agere</strong></span> <span class='ocrx_word' id='word_1_274' title='bbox 245 3171 359 3247; x_wconf 91' lang='lat' dir='ltr'><strong>plebem</strong></span> <span class='ocrx_word' id='word_1_275' title='bbox 382 3171 536 3264; x_wconf 88' lang='lat' dir='ltr'><strong>plebisque</strong></span> <span class='ocrx_word' id='word_1_276' title='bbox 554 3191 621 3242; x_wconf 74' lang='lat' dir='ltr'><strong>res,</strong></span> <span class='ocrx_word' id='word_1_277' title='bbox 646 3173 747 3251; x_wconf 90' lang='lat' dir='ltr'><strong>[quum</strong></span> <span class='ocrx_word' id='word_1_278' title='bbox 772 3173 886 3230; x_wconf 86' lang='lat' dir='ltr'><strong>fortuna</strong></span> <span class='ocrx_word' id='word_1_279' title='bbox 888 3191 971 3246; x_wconf 91' lang='lat' dir='ltr'><strong>qua</strong></span> <span class='ocrx_word' id='word_1_280' title='bbox 952 3171 1119 3246; x_wconf 77' lang='lat' dir='ltr'><strong>quidquid</strong></span> 
     </span>
     <span class='ocr_line' id='line_1_36' title="bbox 145 3250 1155 3342; baseline 0 -34"><span class='ocrx_word' id='word_1_281' title='bbox 145 3251 275 3327; x_wconf 91' lang='lat' dir='ltr'><strong>cupitum</strong></span> <span class='ocrx_word' id='word_1_282' title='bbox 290 3250 371 3320; x_wconf 87' lang='lat' dir='ltr'><strong>foret,</strong></span> <span class='ocrx_word' id='word_1_283' title='bbox 385 3253 553 3328; x_wconf 82' lang='lat' dir='ltr'><strong>potentioris</strong></span> <span class='ocrx_word' id='word_1_284' title='bbox 573 3254 673 3342; x_wconf 83' lang='lat' dir='ltr'><strong>esset]</strong></span> <span class='ocrx_word' id='word_1_285' title='bbox 717 3253 786 3309; x_wconf 88' lang='lat' dir='ltr'><strong>Et</strong></span> <span class='ocrx_word' id='word_1_286' title='bbox 776 3271 837 3327; x_wconf 90' lang='lat' dir='ltr'><strong>Jam</strong></span> <span class='ocrx_word' id='word_1_287' title='bbox 851 3271 888 3309; x_wconf 90' lang='lat' dir='ltr'><strong>ne</strong></span> <span class='ocrx_word' id='word_1_288' title='bbox 903 3259 984 3326; x_wconf 78' lang='lat' dir='ltr'><strong>tergo</strong></span> <span class='ocrx_word' id='word_1_289' title='bbox 1000 3251 1155 3342; x_wconf 64' lang='lat' dir='ltr'><strong>quidemae</strong></span> 
     </span>
     <span class='ocr_line' id='line_1_37' title="bbox 145 3331 1184 3408; baseline 0 -20"><span class='ocrx_word' id='word_1_290' title='bbox 145 3331 360 3388; x_wconf 84' lang='lat' dir='ltr'><strong>abstinebatur:</strong></span> <span class='ocrx_word' id='word_1_291' title='bbox 382 3331 469 3408; x_wconf 83' lang='lat' dir='ltr'><strong>virgis</strong></span> <span class='ocrx_word' id='word_1_292' title='bbox 483 3332 567 3404; x_wconf 86' lang='lat' dir='ltr'><strong>caedi,</strong></span> <span class='ocrx_word' id='word_1_293' title='bbox 582 3331 630 3389; x_wconf 91' lang='lat' dir='ltr'><strong>alii</strong></span> <span class='ocrx_word' id='word_1_294' title='bbox 644 3332 739 3389; x_wconf 88' lang='lat' dir='ltr'><strong>securi</strong></span> <span class='ocrx_word' id='word_1_295' title='bbox 761 3331 886 3408; x_wconf 86' lang='lat' dir='ltr'><strong>subjici3</strong></span> <span class='ocrx_word' id='word_1_296' title='bbox 908 3340 947 3403; x_wconf 87' lang='lat' dir='ltr'><strong>et,</strong></span> <span class='ocrx_word' id='word_1_297' title='bbox 961 3349 999 3387; x_wconf 91' lang='lat' dir='ltr'><strong>ne</strong></span> <span class='ocrx_word' id='word_1_298' title='bbox 1013 3331 1146 3406; x_wconf 56' lang='lat' dir='ltr'><strong>gratuis</strong></span> <span class='ocrx_word' id='word_1_299' title='bbox 1182 3346 1184 3350; x_wconf 86' lang='grc'><strong><em>·</em></strong></span> 
     </span>
     <span class='ocr_line' id='line_1_38' title="bbox 143 3377 1119 3485; baseline -0.002 -16"><span class='ocrx_word' id='word_1_300' title='bbox 143 3420 174 3469; x_wconf 86' lang='lat' dir='ltr'><strong>ta</strong></span> <span class='ocrx_word' id='word_1_301' title='bbox 187 3409 342 3469; x_wconf 90' lang='lat' dir='ltr'><strong>crudelitas</strong></span> <span class='ocrx_word' id='word_1_302' title='bbox 364 3421 450 3478; x_wconf 87' lang='lat' dir='ltr'><strong>esset,</strong></span> <span class='ocrx_word' id='word_1_303' title='bbox 465 3411 605 3469; x_wconf 88' lang='lat' dir='ltr'><strong>bonorum</strong></span> <span class='ocrx_word' id='word_1_304' title='bbox 631 3412 748 3468; x_wconf 88' lang='lat' dir='ltr'><strong>donatio</strong></span> <span class='ocrx_word' id='word_1_305' title='bbox 761 3429 842 3485; x_wconf 81' lang='lat' dir='ltr'><strong>sequi</strong></span> <span class='ocrx_word' id='word_1_306' title='bbox 835 3377 967 3468; x_wconf 73' lang='lat' dir='ltr'><strong>&#39;domini</strong></span> <span class='ocrx_word' id='word_1_307' title='bbox 982 3409 1119 3485; x_wconf 87' lang='lat' dir='ltr'><strong>supplici-</strong></span> 
     </span>
     <span class='ocr_line' id='line_1_39' title="bbox 143 3489 1120 3580; baseline -0.003 -31"><span class='ocrx_word' id='word_1_308' title='bbox 143 3509 201 3549; x_wconf 88' lang='lat' dir='ltr'><strong>um.</strong></span> <span class='ocrx_word' id='word_1_309' title='bbox 244 3490 310 3548; x_wconf 90' lang='lat' dir='ltr'><strong>Hac</strong></span> <span class='ocrx_word' id='word_1_310' title='bbox 334 3490 469 3547; x_wconf 89' lang='lat' dir='ltr'><strong>mercede</strong></span> <span class='ocrx_word' id='word_1_311' title='bbox 476 3490 624 3580; x_wconf 34' lang='lat' dir='ltr'><strong>‚juventus</strong></span> <span class='ocrx_word' id='word_1_312' title='bbox 651 3491 756 3548; x_wconf 88' lang='lat' dir='ltr'><strong>nobilis</strong></span> <span class='ocrx_word' id='word_1_313' title='bbox 777 3500 923 3566; x_wconf 86' lang='lat' dir='ltr'><strong>corrupta,</strong></span> <span class='ocrx_word' id='word_1_314' title='bbox 946 3509 1030 3547; x_wconf 91' lang='lat' dir='ltr'><strong>non</strong></span> <span class='ocrx_word' id='word_1_315' title='bbox 1022 3489 1120 3546; x_wconf 86' lang='lat' dir='ltr'><strong>modd</strong></span> 
     </span>
     <span class='ocr_line' id='line_1_40' title="bbox 143 3569 1130 3664; baseline -0.002 -34"><span class='ocrx_word' id='word_1_316' title='bbox 143 3591 202 3630; x_wconf 90' lang='lat' dir='ltr'><strong>non</strong></span> <span class='ocrx_word' id='word_1_317' title='bbox 216 3570 256 3629; x_wconf 89' lang='lat' dir='ltr'><strong>ire</strong></span> <span class='ocrx_word' id='word_1_318' title='bbox 270 3569 405 3660; x_wconf 76' lang='lat' dir='ltr'><strong>obpiam</strong></span> <span class='ocrx_word' id='word_1_319' title='bbox 397 3569 520 3660; x_wconf 73' lang='lat' dir='ltr'><strong>rnJuriae,</strong></span> <span class='ocrx_word' id='word_1_320' title='bbox 536 3569 586 3626; x_wconf 89' lang='lat' dir='ltr'><strong>sed</strong></span> <span class='ocrx_word' id='word_1_321' title='bbox 600 3569 747 3664; x_wconf 90' lang='lat' dir='ltr'><strong>propalam</strong></span> <span class='ocrx_word' id='word_1_322' title='bbox 760 3570 910 3628; x_wconf 87' lang='lat' dir='ltr'><strong>licentiam</strong></span> <span class='ocrx_word' id='word_1_323' title='bbox 925 3588 1008 3628; x_wconf 81' lang='lat' dir='ltr'><strong>suain</strong></span> <span class='ocrx_word' id='word_1_324' title='bbox 1023 3569 1130 3642; x_wconf 92' lang='lat' dir='ltr'><strong>malle,</strong></span> 
     </span>
     <span class='ocr_line' id='line_1_41' title="bbox 142 3647 1157 3726; baseline -0.003 -17"><span class='ocrx_word' id='word_1_325' title='bbox 142 3651 227 3726; x_wconf 71' lang='lat' dir='ltr'><strong>quarn</strong></span> <span class='ocrx_word' id='word_1_326' title='bbox 240 3649 370 3711; x_wconf 89' lang='lat' dir='ltr'><strong>omnium</strong></span> <span class='ocrx_word' id='word_1_327' title='bbox 388 3647 557 3709; x_wconf 89' lang='lat' dir='ltr'><strong>libertatern.</strong></span> <span class='ocrx_word' id='word_1_328' title='bbox 598 3652 601 3658; x_wconf 85' lang='lat'>&#39;</span> <span class='ocrx_word' id='word_1_329' title='bbox 665 3681 667 3685; x_wconf 95' lang='lat'>·</span> <span class='ocrx_word' id='word_1_330' title='bbox 1130 3675 1157 3716; x_wconf 78' lang='lat' dir='ltr'><strong>to</strong></span> 
     </span>
    </p>
   </div>
   <div class='ocr_carea' id='block_1_12' title="bbox 0 0 1282 4314">
    <p class='ocr_par' dir='ltr' id='par_1_15' title="bbox 0 0 1282 4314">
     <span class='ocr_line' id='line_1_42' title="bbox 0 0 1282 4314; baseline 0 1"><span class='ocrx_word' id='word_1_331' title='bbox 0 0 1282 4314; x_wconf 95' lang='lat' dir='ltr'><strong> </strong></span> 
     </span>
    </p>
   </div>
  </div>
 </body>
</html>
