2520 4310
98 325 158 387 2OE
501 329 572 380 ΤΙΤΙ
588 327 675 380 lelt

97 480 117 509 ‘⁶
126 471 264 554 emistis.
306 471 353 532 Εὸ
377 491 468 550 usque
482 493 528 532 me
540 473 636 532 vivere
650 472 744 546 vultis,
765 473 871 546 donec,
886 473 1004 534 alterius
1016 497 1078 538 res·

7 577 8 638 q
96 555 115 584 “
127 553 202 610 trdm
215 563 369 630 superstes,
384 555 461 612 hand
475 554 643 631 ambiguum
655 571 756 629 regem
769 553 892 612 alterum
905 555 973 614 met
987 571 1076 618 morte

7 655 8 666 ι
92 634 114 664 “
127 631 241 690 faciam.
283 633 350 691 Nec
372 632 488 692 fratrem
509 653 565 692 nec
579 644 690 710 patrem
703 632 822 708 potestis
842 633 920 708 pati:
943 636 1016 694 nihil
1030 655 1078 696 ca·

96 718 116 748 “
128 710 161 782 ri,
177 711 249 769 nihil
270 712 363 771 sancti
387 723 451 772 est:
472 713 503 772 in
525 713 656 772 omnium
672 713 766 770 vicem
778 712 861 788 regni
876 713 964 772 unius
978 716 1076 777 insati-

7 837 9 844 χ
81 795 114 840 -‚‘.‘
126 791 210 849 abilis
233 811 312 850 amor
336 793 486 851 successit.
532 793 631 869 Agite,
654 791 853 869 conscelerate
877 812 962 852 aures
982 807 1075 872 pater·
1089 807 1110 844 ·5

7 899 8 902 ¹
96 878 116 908 ‘⁸
129 889 197 928 nas:
219 872 368 950 decernite
392 872 573 946 criminibus,
594 891 662 931 mox
685 872 760 930 ferro
785 872 953 953 decreturi:
984 877 1074 935 dicite

7 975 8 986 ι
97 959 115 986 “
127 950 232 1028 paldm,
252 946 394 1028 'quidquid
416 963 466 1010 aut
483 953 543 1010 veri
566 953 692 1028 potestis,
717 961 768 1009 aut
790 952 975 1044 comminisci
994 955 1072 1014 libet.

7 1039 12 1104 t
94 1030 273 1102 “Reserate
295 1051 379 1089 aures
402 1042 478 1103 suut,
497 1051 561 1107 quae
574 1032 695 1107 posthac
709 1031 828 1089 secretis
850 1031 969 1091 alterius
983 1035 1020 1092 ab
1034 1035 1073 1094 al·

93 1119 188 1167 “tero
205 1111 381 1188 ¹criminibus
407 1110 607 1170 claudentur.’'
664 1110 749 1184 Hac,
777 1110 875 1168 furens
901 1111 954 1179 irai,
982 1133 1070 1188 quum

7 1179 9 1270 ζ
84 1189 221 1258 dixisset,
245 1190 380 1267 lacrymer
403 1190 539 1250 omuibus
561 1189 669 1250 oberte
681 1209 689 1260 ;
711 1200 741 1248 et
766 1189 818 1250 diu
837 1200 969 1250 mestum
982 1193 1105 1252 silon-¹⁰

93 1269 166 1328 tium
180 1269 282 1327 tenuit.

7 1497 8 1512 χ
134 1429 190 1488 ΙΧ.
212 1429 292 1490 Tum
314 1429 457 1492 Heraeus:
492 1429 691 1509 “Aperienda
710 1431 848 1491 nimirum
872 1443 959 1490 nocte
983 1432 1075 1508 janua

7 1525 10 1556 ἰ
95 1514 113 1542 “
126 1510 187 1582 fuit,
215 1522 245 1568 et
272 1512 374 1569 armati
400 1512 601 1570 comissatores
627 1511 803 1587 accipiendi,
827 1511 1071 1587 praebendumque

7 1591 9 1644 ξ
94 1591 201 1648 “ferro
219 1591 362 1668 jugulum,
398 1592 513 1666 quando
534 1609 593 1650 non
617 1591 756 1659 creditur,
784 1591 842 1648 nisi
868 1601 1069 1666 perpetratum,

7 1675 8 1746 l
94 1673 113 1702 “
124 1669 254 1740 lacinus3
276 1683 306 1729 et
319 1671 421 1728 eadem
445 1671 552 1747 petitus
576 1669 689 1729 insidiis
710 1670 805 1740 audio,
825 1688 890 1746 que
903 1670 975 1728 latro
986 1680 1107 1747 atque1⁵
1123 1677 1140 1689 “

7 1785 9 1796 r
91 1759 113 1786 ‘⁴
125 1750 283 1808 insidiator.
323 1751 393 1809 Non
407 1750 601 1826 nequidquam
618 1749 665 1807 isti
679 1769 772 1808 unum
784 1749 968 1825 Demetrium
981 1750 1072 1808 filium

7 1839 11 1860 *
93 1833 152 1886 “te
180 1830 297 1903 habere,
324 1849 371 1888 me
393 1825 539 1888 subditum
566 1839 596 1887 et
615 1829 720 1906 pellice
746 1829 878 1906 genitum
905 1829 1069 1905 appellant:

7 1961 8 1972 ,
94 1917 114 1946 “
126 1927 204 1979 nam,
219 1911 243 1967 ri
267 1911 399 1986 gradum,
424 1909 448 1966 si
463 1909 612 1967 caritatem
636 1908 688 1966 filii
710 1909 786 1984 apud
799 1919 829 1966 te
843 1909 988 1982 haberem,
1008 1927 1068 1966 non

94 1989 156 2045 “in
181 2009 228 2046 me
249 2001 418 2066 querentem
439 1990 634 2066 deprehensas
654 1987 785 2062 insidias,
807 1989 860 2046 sed
880 1989 998 2054 ineum
1019 1987 1069 2063 qui

93 2068 248 2141 “fecisset,
269 2070 402 2128 serires:
423 2088 480 2127 nec
494 2067 567 2126 aded
588 2067 640 2126 tibi
663 2066 729 2126 vilis
751 2068 809 2127 vita
821 2078 899 2126 esset
911 2078 1017 2139 nostra,
1039 2075 1107 2125 uteo

93 2156 113 2184 ‘⁶
125 2166 180 2204 nec
194 2148 337 2225 preterito
350 2148 478 2223 periculo
499 2167 565 2206 meo
578 2147 741 2220 movereris,
761 2166 854 2222 neque
869 2147 977 2220 futuro,
990 2147 1016 2204 si
1029 2147 1072 2205 in-

94 2226 297 2284 “sidiantibus
318 2227 356 2284 sit
375 2227 501 2303 impune.
543 2225 656 2303 Itaque,
677 2227 702 2284 si
722 2225 791 2284 mori
811 2225 931 2282 tacitum
945 2236 1067 2300 oportet,

95 2311 113 2338 ‘⁶
125 2317 282 2373 taceamus,
297 2306 407 2382 precati
428 2307 538 2364 tantdm
560 2306 649 2380 Deos,
673 2316 706 2364 ut
725 2325 743 2362 a
761 2323 806 2362 me
827 2314 955 2380 coeptum
970 2303 1069 2360 scelus

7 2423 9 2434 ι
93 2394 114 2422 “
126 2385 157 2442 in
172 2405 218 2442 me
232 2385 319 2442 linem
344 2386 458 2459 habeat,
472 2405 529 2444 nec
549 2405 600 2463 per
613 2405 712 2445 meum
724 2385 798 2444 latus
810 2393 841 2441 tu
854 2382 972 2458 petatis.
1015 2382 1069 2440 Sin

94 2475 114 2502 ‘⁴
127 2476 223 2523 autem
239 2463 329 2542 (quod
342 2466 546 2525 circumventis
567 2467 598 2524 in
612 2465 767 2526 solitudine
790 2473 894 2522 natura
906 2462 970 2538 ipsa
982 2462 1069 2539 subji·
1078 2471 1105 2511 2⁵

13 2569 23 2590 ι
95 2546 175 2620 “cit,
197 2556 229 2604 ut
253 2547 413 2620 hominum,
433 2565 505 2622 quos
525 2565 674 2622 nunquam
698 2544 832 2616 viderint,
854 2542 944 2600 fidem
971 2553 1067 2600 temen

7 2649 8 2654 ¹
93 2634 113 2662 ‘⁴
125 2624 291 2706 implorent)
317 2627 388 2685 mihi
411 2645 534 2702 quoque,
557 2627 663 2685 ferrum
684 2625 715 2683 in
730 2643 777 2682 me
791 2623 923 2682 strictum
948 2641 1068 2680 cernen-

7 2733 8 2736 ¹
95 2710 112 2736 “
122 2705 154 2778 ti,
168 2724 269 2763 vocem
284 2705 396 2765 mittere
420 2707 526 2777 liceat3
548 2727 597 2783 per
612 2717 650 2778 te,
664 2704 847 2781 patriumque
861 2721 979 2775 nomen,
992 2701 1068 2777 quod

7 2857 8 2864 ἵ
96 2789 114 2820 ‘⁴
127 2785 183 2841 utri
205 2787 332 2844 nostrrim
357 2787 485 2844 sanctius
506 2786 553 2855 sit,
572 2787 633 2863 jam
655 2784 769 2862 pridem
791 2783 890 2855 sentis,
904 2783 945 2840 ita
957 2800 1003 2838 me
1018 2799 1068 2838 au·

95 2863 195 2935 “dias,
210 2883 322 2938 precor,
345 2877 490 2942 tamquam
504 2866 538 2934 si,
560 2885 630 2924 voce
643 2875 674 2922 et
687 2862 913 2940 comploratione
927 2859 1068 2919 nocturna
1077 2867 1104 2908 ³0

7 2953 11 2972 ³
95 2947 114 2974 “
124 2942 246 3014 excitus,
268 2945 340 3003 mihi
353 2945 500 3028 quiritanti
513 2945 727 3012 interveniam,
749 2941 932 3002 Demetrium
944 2957 1012 2999 oum
1025 2958 1069 2996 ar·

95 3031 115 3058 “
127 3021 212 3078 matis
226 3033 311 3080 nocte
335 3025 509 3102 intempeste
528 3026 560 3083 in
581 3023 721 3084 vestibulo
735 3041 801 3080 meo
821 3019 1070 3097 deprehendisses.

95 3099 216 3160 “Quod
238 3111 300 3158 tum
324 3103 495 3162 vociferarer
515 3105 547 3162 in
571 3124 602 3163 re
626 3101 761 3181 presenti
774 3102 905 3178 pavidus,
920 3101 977 3157 hoc
990 3116 1072 3157 nunc

7 3185 8 3188 ’
95 3190 239 3257 “postero
252 3181 300 3239 die
314 3201 425 3256 queror.
467 3183 579 3256 Frater,
598 3203 658 3242 nou
679 3181 896 3241 comissantium
917 3178 949 3236 in
976 3177 1071 3235 vicem

7 3295 8 3298 =
92 3263 183 3339 “jam
207 3260 257 3318 diu
278 3261 398 3318 vivimus
418 3260 494 3319 inter
517 3281 579 3322 nos.
630 3263 770 3339 Regnare
794 3259 891 3334 utique
913 3256 977 3314 vis:
1000 3256 1111 3314 huicce

94 3352 114 3378 “
126 3342 187 3418 spei
211 3353 269 3400 ture
289 3341 383 3399 obstat
407 3351 475 3398 aetas
488 3359 563 3415 mea,
583 3341 678 3400 obstat
697 3341 829 3419 gentium
839 3339 895 3417 jus,
916 3337 1012 3395 obstat
1027 3353 1073 3392 ve·

94 3427 113 3454 “
124 3433 218 3480 tustus
231 3419 413 3480 Macedonia
431 3440 509 3490 virrora,
522 3423 617 3481 obstat
631 3421 697 3480 verd
710 3421 797 3479 etiam
811 3419 900 3496 petris
917 3415 1070 3493 judicium.

95 3511 115 3539 “
127 3501 201 3559 Haee
215 3503 430 3569 transcendere,
445 3500 507 3558 nisi
519 3521 571 3578 per
584 3511 681 3560 meum
693 3500 878 3577 sanguinem,
900 3515 958 3554 non
973 3504 1071 3572 potes:

96 3581 218 3639 “omnia
232 3581 382 3646 moliriset
396 3591 509 3639 tentas:
531 3583 628 3640 adhuc
641 3600 693 3639 seu
707 3599 778 3638 cura
790 3597 866 3645 mea,
881 3595 933 3634 seu
947 3576 1072 3646 fortuna,
1136 3597 1140 3605 ·

96 3660 230 3716 “restitit
243 3661 398 3734 parricidio
419 3672 477 3720 tuo.
519 3659 665 3718 Hesterni
679 3659 726 3718 die
742 3659 773 3716 in
787 3656 965 3726 lustratione,
980 3665 1010 3712 et
1023 3655 1108 3710 dero

95 3741 113 3766 ‘¹
122 3756 218 3805 orrrsu,
233 3749 263 3792 et
281 3739 435 3796 simulacro
459 3738 570 3796 ludicro
583 3757 697 3811 pugnae,
712 3737 861 3794 funestum
874 3735 963 3811 propr}
976 3731 1072 3809 proeli·

96 3821 115 3847 ‘⁶
127 3831 176 3866 um
191 3813 283 3870 fecisti
293 3834 300 3882 ;
322 3833 378 3872 nec
402 3835 449 3874 me
463 3817 541 3874 aliud
563 3825 683 3874 amorte
708 3813 872 3888 vindicarit,
894 3813 982 3890 quam
995 3809 1071 3890 quod
