2556 4314
383 252 388 262 ’“
466 281 574 334 uranu
585 282 624 334 11.
635 295 699 336 cn.
710 294 798 334 mn.
1084 281 1123 346 ⁷1

231 377 244 402 ,
358 385 359 388 ,

147 423 253 500 potiris,
274 425 363 501 quim
386 426 540 501 postmodo
560 424 717 499 voluntate,
740 425 854 486 afflictis
877 424 983 486 civium
1007 441 1125 486 suorum

67 539 70 543 -
149 503 272 563 bunnia
286 501 478 563 consuluisse.
519 501 665 564 concioni
678 503 784 564 deinde
797 504 894 564 edicto
906 505 1124 580 addiditfrdur,

148 599 206 658 quo
220 581 323 651 edixit,
339 587 358 614 ‘⁶
369 582 418 641 Ne
431 583 496 658 quir
509 582 604 643 civem
615 582 783 642 Romtmm
795 583 923 642 vinctum
936 594 986 642 aut
998 583 1126 644 clausurn

150 669 171 697 ‘⁸
182 670 309 728 teneret,
331 660 388 736 qud
408 661 504 723 minda
526 661 555 720 ei
578 661 705 721 nominis
717 661 824 724 edendi
837 663 915 740 apud
934 662 1128 744 consulespo·

126 742 170 785 δ”
182 749 275 798 testas
287 739 376 798 fieret
416 740 465 798 Ne
478 740 541 816 quis
554 739 664 813 militis,
677 741 773 799 donec
792 739 824 802 in
837 740 940 800 cannis
953 752 1039 810 esset,
1053 741 1130 800 bona

149 821 171 850 “
182 818 353 894 possideret,
367 829 416 876 aut
437 819 596 888 venderct;
616 818 723 878 liberos
745 829 902 895 nepotesve
925 819 988 898 ejus
1006 837 1130 880 morare-

81 928 85 936 ·
149 905 172 934 “
183 897 263 954 tur.”
302 897 369 956 Hoc
381 897 525 975 proposito
535 897 642 965 edicto,
657 907 695 971 et,
709 897 758 974 qui
773 899 905 968 aderant,
919 899 987 957 nexi
1000 897 1128 990 profiteri

148 975 296 1052 extemplo
319 975 457 1046 nomine3
478 987 507 1034 et
530 976 669 1052 undique.
682 993 719 1035 ex
738 977 800 1036 totd
813 977 885 1036 urbe
907 977 1129 1054 proripientium

150 1071 183 1110 se
195 1071 232 1110 ex
243 1053 362 1129 privato,
376 1073 466 1130 quum
480 1055 635 1118 ,retinendi
656 1054 703 1132 jus
716 1054 852 1128 creditori
876 1073 936 1116 uon
957 1066 1044 1124 esset,
1058 1073 1129 1115 con·

118 1138 141 1178 1⁰
151 1149 252 1190 cursus
266 1134 296 1190 in
310 1132 415 1208 forum,
430 1144 463 1192 ut
486 1144 670 1194 sacramento
692 1133 836 1202 dicerent,
850 1133 923 1195 fieri.
964 1133 1077 1210 Magna
1089 1151 1126 1194 eu

151 1228 253 1268 manus
277 1211 347 1282 fuit;
369 1231 465 1289 neque
479 1212 600 1274 aliorum
620 1212 714 1290 magis
727 1211 758 1272 in
771 1212 880 1274 Volsco
892 1211 969 1273 bello
982 1213 1071 1284 virttis
1084 1222 1126 1270 at·

132 1343 134 1348 .
150 1306 206 1364 que
215 1307 302 1365 opera
315 1291 427 1351 enituit.
470 1332 596 1354 .....

176 1385 298 1444 [emm.
311 1399 374 1427 nn.
386 1389 562 1440 ,ruerem
576 1391 824 1444 memque.
837 1390 1011 1434 Mum
1022 1373 1128 1433 mni

199 1436 441 1489 aeramentum
466 1439 625 1491 ameum]

189 1501 325 1564 XXVII.
358 1507 448 1564 Fusis
475 1508 634 1580 Auruncis,
657 1509 747 1568 victor
769 1519 812 1568 tot
832 1511 909 1568 intra
930 1529 1038 1586 paucos
1064 1511 1127 1570 dies

148 1583 236 1641 bellis
246 1584 402 1641 Romanus
411 1585 552 1659 promissa
564 1585 691 1646 consulis
697 1586 841 1660 iidemque
852 1591 968 1646 senatus
981 1598 1129 1663 exspecta·

114 1660 219 1718 uba:
241 1679 332 1754 quum
355 1661 481 1738 Appius,
493 1672 524 1720 et
545 1662 632 1720 insiti
654 1664 787 1739 superbia
801 1663 908 1731 animo,
922 1675 952 1722 et
964 1675 997 1722 ut
1009 1665 1128 1742 collegas

148 1757 256 1796 vanam
272 1740 382 1800 faceret
395 1740 499 1812 fidem,
508 1741 593 1815 quaim
608 1741 763 1816 asperrime
773 1751 894 1818 poterat,
902 1741 951 1818 jus
964 1741 1000 1799 de
1014 1742 1132 1801 creditis

149 1817 285 1894 pecuniis
298 1818 419 1876 dicere:
441 1819 582 1896 deinceps
602 1830 641 1891 et,
655 1819 705 1895 qui
726 1820 794 1877 antd
815 1819 884 1878 nexi
903 1820 1026 1888 bierunt,
1041 1821 1132 1878 credi·

150 1896 261 1956 toribus
274 1896 472 1969 tradebantur,
484 1907 513 1955 et
526 1897 718 1956 nectebantur
728 1897 787 1956 ulii.
828 1897 918 1960 Quod
933 1899 982 1956 ubi
996 1898 1044 1956 cui
1058 1899 1131 1957 mili·

150 1974 342 2042 tiinciderat,
366 1975 507 2052 collegam
528 1975 708 2051 appellabat:
730 1995 889 2036 concursus
913 1977 951 2034 ad
975 1977 1128 2037 Servilium

115 2061 142 2101 2⁰
152 2051 262 2110 fiebat:
284 2052 361 2110 illius
374 2053 512 2128 promissa
521 2054 671 2130 jactabant
678 2074 686 2126 ;
707 2053 749 2113 illi
763 2055 974 2131 exprobrabant
987 2075 1040 2113 sua
1052 2056 1130 2131 quis·

152 2149 208 2205 que
223 2131 293 2188 belli
306 2132 417 2205 merita,
430 2133 639 2209 cicatricesque
648 2143 805 2210 acceptas:
826 2133 1020 2209 postulabant,
1035 2143 1068 2190 ut
1080 2144 1130 2191 aut

153 2209 272 2267 referret
285 2209 322 2266 ad
336 2220 478 2280 senatum,
492 2220 542 2270 aut
556 2222 588 2270 ut
608 2211 714 2273 auxilio
726 2222 803 2271 esset
816 2212 919 2270 consul
933 2211 1045 2270 civibus
1058 2211 1129 2284 suis,

153 2285 307 2362 imperator
325 2288 473 2347 militibus
515 2289 674 2349 Movebant
693 2290 844 2348 consulem
865 2292 947 2348 haec:
968 2289 1020 2347 sed
1044 2289 1130 2365 tergi·

154 2367 271 2432 versari,
284 2385 329 2424 res
342 2367 484 2444 cogebat;
506 2367 579 2426 aded
599 2367 631 2426 in
654 2367 774 2427 alteram
795 2386 915 2426 causam
936 2385 996 2425 non
1019 2365 1133 2442 collega

118 2453 145 2494 2⁵
155 2442 246 2502 schim
259 2464 388 2522 preceps
412 2447 495 2519 ierat,
508 2447 561 2504 sed
584 2447 679 2505 omnis
697 2445 784 2504 factio
797 2445 956 2503 nobilium:
978 2444 1027 2510 ite,
1042 2443 1132 2500 medi·

156 2541 205 2580 um
218 2542 250 2580 se
263 2525 403 2600 gerendo,
418 2543 475 2583 nec
500 2524 593 2600 plebis
613 2524 713 2582 vitavit
735 2523 846 2590 odium,
861 2540 918 2579 nec
941 2521 1019 2595 apud
1032 2519 1133 2576 Patres

154 2601 277 2678 gratiam
290 2603 365 2661 iniit.
407 2602 510 2661 Patres
524 2602 640 2660 mollem
654 2601 805 2660 consulem
818 2610 849 2656 et
861 2596 1047 2656 ambitiosum
1060 2596 1133 2684 ratij

154 2679 254 2756 plebes
276 2681 430 2740 fallacem:
463 2681 599 2757 brenque
623 2678 765 2757 apparuit,
793 2676 923 2754 aquisse
950 2693 1017 2732 eum
1044 2673 1133 2750 Appri

154 2758 263 2817 odium.
285 2745 444 2819 Certbmen
458 2759 628 2818 consulibus
648 2758 802 2830 inciderat,
816 2766 880 2814 uter
894 2754 1043 2813 dedicaret
1056 2752 1133 2812 Mer·

117 2849 145 2890 au
154 2837 228 2896 curii
243 2838 345 2896 aedem.
387 2840 514 2897 Senatus
526 2838 545 2896 'a
557 2857 589 2896 se
602 2856 665 2896 rem
679 2836 716 2896 ad
725 2833 864 2914 populum
878 2833 995 2911 rejecit:
1017 2833 1071 2891 utri
1085 2851 1133 2894 oo·

154 2933 221 2974 rum
232 2915 380 2974 dedicatio
391 2917 473 2994 jussu
486 2917 585 2994 populi
598 2917 668 2975 datu
692 2927 779 2984 esset,
802 2933 870 2973 cum
893 2929 1018 2989 preesse
1044 2929 1133 2972 anuo·

153 3012 214 3065 nae‚
223 3003 418 3054 mercatorum
431 2995 586 3072 collegium
612 2993 774 3063 instituere,
788 2991 920 3052 solennia
933 3005 984 3068 pro
997 2991 1133 3066 pontifice

150 3071 242 3150 jussit
256 3073 414 3149 suscipere.
454 3074 583 3151 Populus
605 3073 818 3132 dedicationem
833 3070 903 3129 adis
922 3070 971 3128 dat
985 3067 1027 3128 Μ.
1042 3069 1134 3130 Laeto·

153 3151 208 3224 rio,
222 3151 309 3228 primi
320 3152 372 3228 pili
385 3153 568 3212 centurioni:
589 3151 666 3228 quod
677 3149 762 3210 facile
777 3158 937 3228 appareret,
951 3167 1010 3207 non
1024 3159 1082 3209 tam
1097 3150 1135 3208 ad

117 3253 145 3294 aa
154 3229 295 3289 honorem
309 3231 384 3308 ejus,
398 3231 448 3290 cui
469 3231 582 3290 curatio
596 3230 679 3288 altior
699 3229 814 3320 fastigio
828 3247 881 3286 suo
895 3227 962 3284 data
975 3239 1060 3296 esset,
1076 3228 1134 3287 fao-

154 3318 228 3382 tum,
243 3308 332 3384 quam
356 3310 394 3366 ud
415 3309 569 3369 consulum
592 3307 790 3386 ignominram.
832 3305 940 3364 Saevire
953 3304 1022 3362 inde
1036 3306 1135 3383 utique

154 3387 409 3446 consummanet
433 3387 609 3461 Patresque:
631 3386 683 3444 sed
706 3385 783 3462 plebi
807 3393 958 3443 creverant
976 3383 1083 3453 animi;
1105 3391 1135 3438 ct

153 3464 243 3541 longe
257 3462 531 3540 elia'quamprimd
544 3465 739 3538 instituerant,
753 3463 800 3521 vit
812 3461 1026 3540 grassabantur,
1046 3459 1134 3538 'Dese

152 3549 258 3619 pereto
271 3543 352 3602 enim
365 3543 519 3616 consulum
539 3544 712 3618 senatusque
726 3541 842 3614 auxilio,
856 3556 947 3614 quum
963 3536 993 3592 in
1005 3536 1052 3608 jus
1066 3532 1136 3585 duc}
1196 3575 1204 3585 .

117 3645 144 3687 n
153 3621 318 3680 debitorem
332 3621 482 3694 vidissent,
496 3622 625 3698 undiquc
646 3619 854 3679 convolabant:
877 3629 972 3683 neque
986 3609 1135 3664 decretum

153 3699 290 3761 exaudiri
305 3699 435 3761 consulis
458 3717 517 3778 prae
540 3698 663 3777 strepitu
685 3708 717 3757 et
740 3697 867 3756 clamore
880 3692 1011 3762 poterata
1032 3693 1135 3753 neque,
