2520 4310
439 261 548 362 nranrl
563 308 674 362 xxvu.
689 321 752 360 aar.
773 323 837 359 m.
977 265 983 268 ’
1057 303 1120 364 sm

144 453 228 533 periti
242 471 338 513 rerum
352 452 512 530 Hispania,
537 456 557 490 ‘·‘
568 451 646 510 haud
659 450 840 528 ccmignoto
860 443 935 506 duc'e
948 447 984 506 O.
998 445 1120 506 Nerone

131 543 416 610 .“congressurum;
438 532 489 589 sed
515 549 612 606 quem,
634 531 664 588 in
678 529 753 588 saltu
773 525 910 605 impedito
923 527 1119 602 deprehensus

145 621 165 650 ‘⁴
178 612 260 684 sorte,
275 612 351 668 haud
365 616 458 688 [secus
479 611 565 684 quim
585 628 717 684 puerum,
739 604 957 678 conscribendis
971 604 1120 663 fallacibus

145 699 166 728 ‘⁶
177 690 401 748 conditionibus¹
413 689 494 764 pacis
515 687 668 746 ¹frustratus
689 686 849 744 elusisset”
891 683 1001 742 Omnia
1013 682 1121 760 majora

95 767 233 828 ,retiam
246 787 315 826 vero
335 767 468 844 praesidia
481 758 616 839 h'ostium,
638 765 750 823 minora
770 783 833 834 sua,
852 774 935 823 metu
954 763 1120 840 interprete,

144 859 259 924 semper
272 848 304 906 in
318 847 460 906 deteriora
473 845 622 917 inclinato,
634 845 789 911 ducebant

156 1002 279 1071 ¹.XLV.
310 1003 401 1076 Nero,
426 1013 576 1078 postquam
593 1001 653 1077 jam
675 1011 788 1058 tautum
810 998 952 1057 intervalli
976 997 1013 1056 ab
1040 997 1123 1056 hoste
1195 997 1204 1005 ”

144 1080 262 1150 lecerat,
278 1093 310 1140 ut
323 1082 419 1157 detegi
434 1080 588 1139 consilium
608 1080 678 1158 satis
691 1090 785 1138 tutum
799 1088 885 1151 esset,
899 1078 1002 1154 paucis
1014 1076 1123 1136 milites

139 1160 303 1235 alloquitur.
342 1148 443 1236 Negat
457 1169 476 1196 “
489 1159 576 1216 ullius
590 1157 744 1217 consilium
754 1157 934 1234 imperatoris
947 1157 979 1214 in
992 1156 1122 1232 speciem

111 1249 135 1290 1⁰
146 1248 164 1276 ‘⁴
176 1241 325 1307 audaciae,
340 1259 371 1296 re
386 1240 448 1314 ipsd
471 1237 561 1296 tutius
583 1238 681 1312 luisse,
695 1235 783 1312 quim
804 1256 898 1296 suurn.
941 1236 990 1293 Ad
1012 1245 1122 1296 certam

145 1326 164 1356 “
176 1324 227 1376 eos
240 1337 272 1375 se
286 1315 434 1374 victoriam
454 1318 584 1374 ducere:
600 1317 710 1393 quippe
729 1317 766 1374 ad
789 1317 865 1392 quod
887 1314 995 1374 bellum
1009 1313 1123 1390 collega

144 1399 164 1428 “
176 1415 238 1454 non
250 1395 326 1469 ante,
340 1394 429 1470 quam
454 1396 491 1452 ad
515 1395 676 1472 satietatem
697 1395 788 1476 ipsius
801 1395 930 1471 peditum
945 1405 1030 1469 atque
1043 1392 1123 1469 aqui·

144 1477 164 1506 “
176 1485 238 1532 tum
252 1475 326 1532 datae
340 1475 377 1530 ab
397 1485 502 1530 senatu
524 1473 615 1548 copiae
640 1474 761 1532 luissent
776 1475 898 1549 majores
911 1473 1123 1548 instructiores·

147 1561 166 1590 ‘⁴
177 1572 244 1628 que,
258 1552 346 1628 quam
368 1552 392 1610 si
415 1552 551 1610 adversus
572 1553 665 1628 ipsum
685 1551 883 1609 Hannibalem
897 1552 961 1624 iret,
975 1547 1121 1626 profectus

110 1635 162 1684 155‘
174 1633 221 1700 sit,
235 1631 270 1688 ed
283 1633 370 1707 ipsos,
396 1641 661 1706 quantumcumque
682 1630 786 1688 virium
810 1640 990 1704 momentum
1004 1630 1122 1687 addide-

144 1711 328 1784 “rint,rem
352 1729 469 1769 omnem
489 1710 687 1770 inclinaturus.
729 1705 872 1767 Auditum
893 1708 980 1767 modb
1003 1708 1034 1765 in
1057 1707 1122 1766 acie

144 1797 163 1827 ‘⁴
177 1789 268 1867 (nam,
293 1807 331 1847 ne
356 1789 423 1847 ante
448 1789 604 1857 audiretur,
620 1790 755 1846 daturum
768 1789 900 1866 operam)
915 1789 1036 1847 alterum
1053 1804 1121 1845 con-

144 1868 266 1928 “sulem
279 1879 309 1926 et
323 1869 445 1946 alterum
459 1868 617 1925 exercituin
633 1863 795 1935 advenisse,
810 1867 887 1924 haud
901 1866 1019 1924 dubiam
1032 1866 1122 1926 victo-

145 1949 165 1980 “
176 1947 249 2006 riam
262 1947 415 2006 iacttrrum.
457 1947 579 2004 Famam
602 1946 711 2004 bellum
734 1944 889 2019 conficere,
911 1956 1040 2020 cipetra
1061 1963 1121 2004 nro-

107 2035 134 2078 to
145 2033 165 2064 ‘⁶
176 2036 276 2084 menta
288 2027 319 2084 in
333 2045 414 2102 spem
430 2035 595 2100 metumque
615 2025 762 2100 impellere
779 2026 899 2083 animos.
939 2024 1046 2082 Glorie
1059 2023 1121 2100 qui·

144 2109 164 2138 “
175 2106 242 2163 dem
257 2123 293 2163 ex
310 2111 347 2163 're
367 2105 441 2162 bene
465 2104 549 2181 gestia
561 2114 653 2179 parta
663 2104 787 2166 fructum
811 2104 898 2179 propr}
912 2121 1028 2161 omnem
1043 2103 1121 2179 ipsos
1212 2141 1221 2155 ι

143 2187 163 2218 “
173 2183 290 2243 laturos.
332 2185 463 2259 Semper,
484 2183 561 2258 quod
584 2192 760 2258 postremum
775 2181 925 2260 ¹adjectum
949 2183 996 2256 sit,
1014 2183 1044 2240 id
1058 2196 1123 2241 rem

144 2271 264 2322 “totam
277 2263 368 2321 videri
392 2262 522 2322 traxisse.
564 2261 691 2321 Cernere
714 2263 801 2341 ipsos,
822 2281 879 2338 quo
893 2281 1048 2337 concursu,
1062 2260 1121 2338 qud
1169 2288 1171 2294 ·

145 2346 163 2376 ‘¹
175 2342 372 2413 admiratione,
395 2362 451 2417 quo
464 2342 560 2401 favore
584 2343 734 2401 hominum
758 2343 811 2401 iter
826 2360 910 2400 suum
928 2341 1119 2402 celebretur.”

107 2430 134 2472 ἥ
143 2419 183 2480 Et
198 2419 341 2497 (Hercule
353 2423 375 2500 l)
389 2440 440 2499 per
463 2422 604 2481 instructa
624 2423 723 2480 omnia
735 2417 885 2480 ordinibus
898 2421 1022 2478 virorum
1037 2419 1120 2478 muli·

142 2517 293 2575 eramque,
306 2501 433 2575 undique
447 2520 483 2559 ex
497 2501 573 2579 agris
586 2501 753 2568 effusorum,
768 2501 843 2559 inter
857 2510 922 2557 vota
934 2509 963 2556 ct
976 2517 1078 2574 preces
1091 2510 1121 2558 et
1145 2521 1149 2528 ·

142 2577 243 2646 laudes
257 2573 357 2640 ibant':
378 2581 441 2638 illos
463 2582 597 2657 praesidia
619 2580 795 2656 reipublice,
817 2578 947 2636 vindices
967 2577 1047 2634 urbis
1060 2576 1122 2635 Ro-

143 2675 198 2715 mae
223 2658 391 2734 imperiique
416 2660 620 2738 appellabant:
652 2660 682 2717 in
708 2658 820 2716 illorum
847 2656 934 2715 armis
956 2655 1121 2730 dextrisque

143 2737 417 2813 suamliberbnrque
439 2757 557 2797 suorum
581 2739 702 2796 salutem
724 2757 759 2796 ac
783 2737 944 2795 libertatem
965 2735 1119 2815 repositam

106 2824 215 2882 messe.
257 2816 335 2874 Deos
356 2835 458 2875 omnes
482 2816 617 2892 Deasque
637 2817 839 2894 precabantur,
864 2825 896 2873 ut
919 2815 976 2874 illis
992 2815 1119 2876 faustum

112 2927 115 2934 ·
142 2893 207 2962 iter,
232 2895 357 2969 felixque
384 2913 493 2969 pugna,
520 2905 632 2953 matura
658 2915 696 2954 ex
724 2896 854 2954 hostibus
875 2895 996 2964 victoria
1021 2906 1126 2955 essetz*

142 2973 406 3046 damnarenturque
420 2972 474 3047 ipsi
488 2983 627 3042 votorum,
642 2993 705 3049 quae
718 2992 770 3049 pro
788 2973 825 3031 iis
838 2974 1054 3051 suscepissent3
1075 2985 1117 3050 ut,
1184 2982 1192 2988 “

142 3051 481 3126 quemadmodumnunc
495 3051 609 3110 solliciti
630 3063 869 3129 prosequerentur
882 3073 940 3127 eos,
955 3054 996 3112 ita
1009 3073 1125 3132 paucos¹

138 3139 204 3219 post
225 3131 287 3188 dier
308 3130 366 3189 laeti
389 3130 541 3189 ovantibus
569 3132 689 3190 victorii
715 3131 830 3192 obviam
852 3134 936 3193 irent.
991 3133 1118 3194 Insitare

105 3216 132 3260 ³⁵
141 3210 210 3267 rude
223 3228 276 3286 pro
296 3229 326 3267 se
347 3210 479 3285 quisque,
492 3222 523 3268 ct
535 3209 648 3279 offerre,
662 3221 692 3269 et
705 3210 825 3287 fatigare
838 3215 983 3288 precibus,
997 3222 1038 3281 ut,
1053 3231 1118 3288 quae

140 3287 210 3363 ipsis
232 3289 427 3363 jumentisque
441 3289 506 3346 usui
527 3300 635 3362 essent,
659 3290 695 3348 ab
709 3309 741 3346 se
761 3291 938 3365 potissimum
952 3299 1116 3350 sumerenta

140 3365 267 3442 benigne
289 3366 388 3423 omnia
408 3366 556 3424 cumulata
579 3368 656 3425 dare.
698 3368 844 3428 Modestia
864 3381 975 3428 certare
999 3369 1116 3437 milites,

140 3455 182 3520 ne·
191 3445 261 3520 quid
286 3445 361 3504 ultra
382 3463 466 3504 usum
488 3447 687 3504 necessarium
710 3459 874 3508 sumerent:
905 3446 977 3506 nihil
999 3446 1115 3516 morari,

47 3527 51 3532 '
139 3541 197 3582 nec
221 3524 258 3582 ab
279 3522 370 3601 signis
384 3523 522 3582 absistere
546 3524 644 3586 cibum
667 3529 833 3604 capientes:
855 3527 931 3584 diem
946 3543 981 3581 ac
998 3535 1116 3586 noctem
1145 3585 1161 3600 ,

102 3611 129 3656 et
139 3601 181 3661 ire
194 3621 201 3660 ε
222 3603 281 3672 vix,
296 3603 371 3679 quod
386 3599 456 3660 ralis
469 3604 506 3661 ad
521 3606 650 3664 naturale
671 3608 845 3666 desiderium
863 3615 1015 3680 corporum
1024 3615 1116 3674 esset,

138 3680 228 3756 quieti
242 3683 320 3740 dare.
362 3682 401 3742 Et
414 3683 451 3740 ad
465 3684 607 3762 collegam
619 3687 759 3763 premissi
780 3694 871 3750 erant,
885 3683 934 3758 qui
949 3683 1117 3744 nuntiarent

138 3760 302 3836 adveutum,
326 3772 631 3846 percontarenturque,
654 3766 729 3826 clam
753 3783 791 3824 an
804 3761 912 3843 potam,
936 3761 1063 3828 interdiu
1076 3775 1115 3830 an
