<?xml version="1.0" encoding="UTF-8"?>
<!DOCTYPE html PUBLIC "-//W3C//DTD XHTML 1.0 Transitional//EN"
    "http://www.w3.org/TR/xhtml1/DTD/xhtml1-transitional.dtd">
<html xmlns="http://www.w3.org/1999/xhtml" xml:lang="en" lang="en">
 <head>
  <title>
</title>
<meta http-equiv="Content-Type" content="text/html;charset=utf-8" />
  <meta name='ocr-system' content='tesseract 3.04.00' />
  <meta name='ocr-capabilities' content='ocr_page ocr_carea ocr_par ocr_line ocrx_word'/>
</head>
<body>
  <div class='ocr_page' id='page_1' title='image "./historiarumetse03livygoog_0100.png"; bbox 0 0 2556 4314; ppageno 0'>
   <div class='ocr_carea' id='block_1_1' title="bbox 539 333 1182 400">
    <p class='ocr_par' dir='ltr' id='par_1_1' title="bbox 539 299 1182 400">
     <span class='ocr_line' id='line_1_1' title="bbox 539 333 1182 400; baseline 0.005 -17"><span class='ocrx_word' id='word_1_1' title='bbox 539 333 644 384; x_wconf 79' lang='lat' dir='ltr'>ursan</span> <span class='ocrx_word' id='word_1_2' title='bbox 660 333 710 384; x_wconf 89' lang='lat'>111.</span> <span class='ocrx_word' id='word_1_3' title='bbox 723 345 786 384; x_wconf 68' lang='lat' dir='ltr'>cn.</span> <span class='ocrx_word' id='word_1_4' title='bbox 804 349 885 384; x_wconf 75' lang='lat' dir='ltr'>mu.</span> <span class='ocrx_word' id='word_1_5' title='bbox 1141 341 1182 400; x_wconf 76' lang='lat'>89</span> 
     </span>
    </p>
   </div>
   <div class='ocr_carea' id='block_1_2' title="bbox 199 476 1216 831">
    <p class='ocr_par' dir='ltr' id='par_1_2' title="bbox 199 476 1216 831">
     <span class='ocr_line' id='line_1_2' title="bbox 201 476 1175 552; baseline 0.003 -14"><span class='ocrx_word' id='word_1_6' title='bbox 201 476 242 538; x_wconf 89' lang='grc' dir='ltr'>Μ.</span> <span class='ocrx_word' id='word_1_7' title='bbox 268 477 424 536; x_wconf 87' lang='lat' dir='ltr'>Cornelius</span> <span class='ocrx_word' id='word_1_8' title='bbox 455 476 486 535; x_wconf 93' lang='lat' dir='ltr'>in</span> <span class='ocrx_word' id='word_1_9' title='bbox 519 476 660 552; x_wconf 84' lang='lat' dir='ltr'>Algidum</span> <span class='ocrx_word' id='word_1_10' title='bbox 688 478 793 536; x_wconf 80' lang='lat' dir='ltr'>mIssus</span> <span class='ocrx_word' id='word_1_11' title='bbox 826 497 895 535; x_wconf 91' lang='lat' dir='ltr'>cum</span> <span class='ocrx_word' id='word_1_12' title='bbox 918 478 952 535; x_wconf 91' lang='lat' dir='ltr'>L.</span> <span class='ocrx_word' id='word_1_13' title='bbox 980 479 1112 540; x_wconf 88' lang='lat' dir='ltr'>Minucio</span> <span class='ocrx_word' id='word_1_14' title='bbox 1146 495 1175 540; x_wconf 87' lang='lat' dir='ltr'>et</span> 
     </span>
     <span class='ocr_line' id='line_1_3' title="bbox 200 555 1216 637; baseline 0.006 -23"><span class='ocrx_word' id='word_1_15' title='bbox 200 557 239 614; x_wconf 88' lang='grc' dir='ltr'>Τ.</span> <span class='ocrx_word' id='word_1_16' title='bbox 264 557 396 614; x_wconf 83' lang='lat' dir='ltr'>Antonio</span> <span class='ocrx_word' id='word_1_17' title='bbox 409 566 439 614; x_wconf 85' lang='lat' dir='ltr'>et</span> <span class='ocrx_word' id='word_1_18' title='bbox 452 555 575 613; x_wconf 85' lang='lat' dir='ltr'>Caesone</span> <span class='ocrx_word' id='word_1_19' title='bbox 589 556 689 613; x_wconf 91' lang='lat' dir='ltr'>Duilio</span> <span class='ocrx_word' id='word_1_20' title='bbox 710 567 739 614; x_wconf 91' lang='lat' dir='ltr'>et</span> <span class='ocrx_word' id='word_1_21' title='bbox 763 555 805 613; x_wconf 91' lang='lat' dir='ltr'>M.</span> <span class='ocrx_word' id='word_1_22' title='bbox 831 557 951 632; x_wconf 79' lang='lat' dir='ltr'>Sergio:</span> <span class='ocrx_word' id='word_1_23' title='bbox 977 559 1025 634; x_wconf 91' lang='lat' dir='ltr'>Sp.</span> <span class='ocrx_word' id='word_1_24' title='bbox 1046 560 1174 637; x_wconf 90' lang='lat' dir='ltr'>Oppium</span> <span class='ocrx_word' id='word_1_25' title='bbox 1214 621 1216 628; x_wconf 68' lang='grc'><strong><em>,</em></strong></span> 
     </span>
     <span class='ocr_line' id='line_1_4' title="bbox 199 634 1174 712; baseline 0.007 -19"><span class='ocrx_word' id='word_1_26' title='bbox 199 636 256 712; x_wconf 89' lang='lat' dir='ltr'>Ap.</span> <span class='ocrx_word' id='word_1_27' title='bbox 276 636 401 694; x_wconf 82' lang='lat' dir='ltr'>Claudio</span> <span class='ocrx_word' id='word_1_28' title='bbox 426 635 585 711; x_wconf 87' lang='lat' dir='ltr'>adjutorem</span> <span class='ocrx_word' id='word_1_29' title='bbox 605 635 646 692; x_wconf 78' lang='lat' dir='ltr'>ad</span> <span class='ocrx_word' id='word_1_30' title='bbox 670 634 778 694; x_wconf 85' lang='lat' dir='ltr'>Urbem</span> <span class='ocrx_word' id='word_1_31' title='bbox 792 636 939 711; x_wconf 86' lang='lat' dir='ltr'>tuendam,</span> <span class='ocrx_word' id='word_1_32' title='bbox 954 655 1033 712; x_wconf 80' lang='lat' dir='ltr'>aquo</span> <span class='ocrx_word' id='word_1_33' title='bbox 1045 641 1174 700; x_wconf 89' lang='lat' dir='ltr'>omnium</span> 
     </span>
     <span class='ocr_line' id='line_1_5' title="bbox 199 701 907 831; baseline -0.001 -57"><span class='ocrx_word' id='word_1_34' title='bbox 199 713 429 784; x_wconf 86' lang='lat' dir='ltr'>decemvirorum</span> <span class='ocrx_word' id='word_1_35' title='bbox 444 713 573 790; x_wconf 88' lang='lat' dir='ltr'>imperio,</span> <span class='ocrx_word' id='word_1_36' title='bbox 589 714 760 773; x_wconf 87' lang='lat' dir='ltr'>decernunt.</span> <span class='ocrx_word' id='word_1_37' title='bbox 777 701 860 831; x_wconf 34' lang='lat' dir='ltr'>K·</span> <span class='ocrx_word' id='word_1_38' title='bbox 904 752 907 758; x_wconf 89' lang='lat'>·</span> 
     </span>
    </p>
   </div>
   <div class='ocr_carea' id='block_1_3' title="bbox 102 807 160 893">
    <p class='ocr_par' dir='ltr' id='par_1_3' title="bbox 102 807 160 893">
     <span class='ocr_line' id='line_1_6' title="bbox 102 807 160 893; baseline 0 0"><span class='ocrx_word' id='word_1_39' title='bbox 102 807 160 893; x_wconf 61' lang='grc' dir='ltr'><em>Ψ</em></span> 
     </span>
    </p>
   </div>
   <div class='ocr_carea' id='block_1_4' title="bbox 99 869 1174 2608">
    <p class='ocr_par' dir='ltr' id='par_1_4' title="bbox 99 869 1174 1265">
     <span class='ocr_line' id='line_1_7' title="bbox 99 869 1174 950; baseline 0.005 -20"><span class='ocrx_word' id='word_1_40' title='bbox 99 902 136 938; x_wconf 49' lang='grc' dir='ltr'><strong><em>μ</em></strong></span> <span class='ocrx_word' id='word_1_41' title='bbox 174 882 190 922; x_wconf 85' lang='grc'>5</span> <span class='ocrx_word' id='word_1_42' title='bbox 239 869 337 930; x_wconf 92' lang='lat' dir='ltr'><strong>XLII.</strong></span> <span class='ocrx_word' id='word_1_43' title='bbox 358 872 459 931; x_wconf 89' lang='lat' dir='ltr'>Nihilo</span> <span class='ocrx_word' id='word_1_44' title='bbox 479 870 599 944; x_wconf 74' lang='lat' dir='ltr'>militie,</span> <span class='ocrx_word' id='word_1_45' title='bbox 623 872 708 946; x_wconf 74' lang='lat' dir='ltr'>quim</span> <span class='ocrx_word' id='word_1_46' title='bbox 724 873 812 945; x_wconf 89' lang='lat' dir='ltr'>dorni,</span> <span class='ocrx_word' id='word_1_47' title='bbox 832 871 935 930; x_wconf 79' lang='lat' dir='ltr'>melitis</span> <span class='ocrx_word' id='word_1_48' title='bbox 948 875 1112 950; x_wconf 78' lang='lat' dir='ltr'>respublica</span> <span class='ocrx_word' id='word_1_49' title='bbox 1125 878 1174 935; x_wconf 92' lang='lat' dir='ltr'>ad-</span> 
     </span>
     <span class='ocr_line' id='line_1_8' title="bbox 197 949 1174 1028; baseline 0.007 -19"><span class='ocrx_word' id='word_1_50' title='bbox 197 951 357 1010; x_wconf 90' lang='lat' dir='ltr'>ministrata</span> <span class='ocrx_word' id='word_1_51' title='bbox 380 961 431 1009; x_wconf 88' lang='lat' dir='ltr'>est.</span> <span class='ocrx_word' id='word_1_52' title='bbox 472 950 527 1008; x_wconf 97' lang='lat' dir='ltr'>Illa</span> <span class='ocrx_word' id='word_1_53' title='bbox 550 949 637 1008; x_wconf 84' lang='lat' dir='ltr'>modd</span> <span class='ocrx_word' id='word_1_54' title='bbox 658 951 689 1008; x_wconf 91' lang='lat' dir='ltr'>in</span> <span class='ocrx_word' id='word_1_55' title='bbox 713 951 837 1009; x_wconf 91' lang='lat' dir='ltr'>ducibus</span> <span class='ocrx_word' id='word_1_56' title='bbox 851 952 946 1026; x_wconf 90' lang='lat' dir='ltr'>culpa,</span> <span class='ocrx_word' id='word_1_57' title='bbox 961 951 1049 1028; x_wconf 84' lang='lat' dir='ltr'>qudd,</span> <span class='ocrx_word' id='word_1_58' title='bbox 1064 965 1096 1013; x_wconf 89' lang='lat' dir='ltr'>ut</span> <span class='ocrx_word' id='word_1_59' title='bbox 1108 955 1174 1016; x_wconf 90' lang='lat' dir='ltr'>odio</span> 
     </span>
     <span class='ocr_line' id='line_1_9' title="bbox 197 1029 1173 1106; baseline 0.005 -18"><span class='ocrx_word' id='word_1_60' title='bbox 197 1041 295 1093; x_wconf 87' lang='lat' dir='ltr'>essent</span> <span class='ocrx_word' id='word_1_61' title='bbox 319 1030 439 1098; x_wconf 89' lang='lat' dir='ltr'>civibus,</span> <span class='ocrx_word' id='word_1_62' title='bbox 469 1029 618 1088; x_wconf 85' lang='lat' dir='ltr'>fecerant:</span> <span class='ocrx_word' id='word_1_63' title='bbox 650 1030 706 1088; x_wconf 90' lang='lat' dir='ltr'>alia</span> <span class='ocrx_word' id='word_1_64' title='bbox 730 1031 824 1100; x_wconf 80' lang='lat' dir='ltr'>omnis</span> <span class='ocrx_word' id='word_1_65' title='bbox 847 1049 938 1106; x_wconf 89' lang='lat' dir='ltr'>penes</span> <span class='ocrx_word' id='word_1_66' title='bbox 965 1032 1072 1090; x_wconf 85' lang='lat' dir='ltr'>milites</span> <span class='ocrx_word' id='word_1_67' title='bbox 1098 1053 1173 1093; x_wconf 84' lang='lat' dir='ltr'>noxa</span> 
     </span>
     <span class='ocr_line' id='line_1_10' title="bbox 195 1109 1173 1188; baseline 0.004 -20"><span class='ocrx_word' id='word_1_68' title='bbox 195 1120 275 1180; x_wconf 70' lang='lat' dir='ltr'>erat,</span> <span class='ocrx_word' id='word_1_69' title='bbox 296 1109 354 1184; x_wconf 91' lang='lat' dir='ltr'>qui,</span> <span class='ocrx_word' id='word_1_70' title='bbox 369 1129 407 1166; x_wconf 92' lang='lat' dir='ltr'>ue</span> <span class='ocrx_word' id='word_1_71' title='bbox 420 1109 490 1186; x_wconf 91' lang='lat' dir='ltr'>quid</span> <span class='ocrx_word' id='word_1_72' title='bbox 503 1110 594 1168; x_wconf 89' lang='lat' dir='ltr'>ductu</span> <span class='ocrx_word' id='word_1_73' title='bbox 608 1119 692 1184; x_wconf 91' lang='lat' dir='ltr'>atque</span> <span class='ocrx_word' id='word_1_74' title='bbox 707 1110 837 1186; x_wconf 87' lang='lat' dir='ltr'>auspicio</span> <span class='ocrx_word' id='word_1_75' title='bbox 851 1110 1080 1170; x_wconf 84' lang='lat' dir='ltr'>decemvirorum</span> <span class='ocrx_word' id='word_1_76' title='bbox 1094 1132 1173 1188; x_wconf 90' lang='lat' dir='ltr'>pros·</span> 
     </span>
     <span class='ocr_line' id='line_1_11' title="bbox 195 1186 1172 1265; baseline 0.005 -19"><span class='ocrx_word' id='word_1_77' title='bbox 195 1186 263 1264; x_wconf 74' lang='lat' dir='ltr'>pere</span> <span class='ocrx_word' id='word_1_78' title='bbox 278 1208 400 1265; x_wconf 83' lang='lat' dir='ltr'><strong>usquam</strong></span> <span class='ocrx_word' id='word_1_79' title='bbox 423 1198 582 1265; x_wconf 81' lang='lat' dir='ltr'><strong>gereretur,</strong></span> <span class='ocrx_word' id='word_1_80' title='bbox 596 1188 673 1245; x_wconf 90' lang='lat' dir='ltr'>vinci</span> <span class='ocrx_word' id='word_1_81' title='bbox 688 1208 719 1246; x_wconf 89' lang='lat' dir='ltr'>se</span> <span class='ocrx_word' id='word_1_82' title='bbox 733 1209 784 1264; x_wconf 91' lang='lat' dir='ltr'>per</span> <span class='ocrx_word' id='word_1_83' title='bbox 799 1209 883 1247; x_wconf 92' lang='lat' dir='ltr'>suum</span> <span class='ocrx_word' id='word_1_84' title='bbox 897 1201 980 1264; x_wconf 87' lang='lat' dir='ltr'>atque</span> <span class='ocrx_word' id='word_1_85' title='bbox 995 1190 1108 1250; x_wconf 89' lang='lat' dir='ltr'>illorum</span> <span class='ocrx_word' id='word_1_86' title='bbox 1123 1193 1172 1252; x_wconf 92' lang='lat' dir='ltr'>de·</span> 
     </span>
    </p>

    <p class='ocr_par' dir='ltr' id='par_1_5' title="bbox 157 1268 1172 1344">
     <span class='ocr_line' id='line_1_12' title="bbox 157 1268 1172 1344; baseline 0.004 -19"><span class='ocrx_word' id='word_1_87' title='bbox 157 1276 185 1318; x_wconf 79' lang='lat'>1⁰</span> <span class='ocrx_word' id='word_1_88' title='bbox 195 1268 284 1326; x_wconf 90' lang='lat' dir='ltr'>decus</span> <span class='ocrx_word' id='word_1_89' title='bbox 293 1269 484 1344; x_wconf 88' lang='lat' dir='ltr'>patiebantur.</span> <span class='ocrx_word' id='word_1_90' title='bbox 526 1268 597 1326; x_wconf 88' lang='lat' dir='ltr'>Fusi</span> <span class='ocrx_word' id='word_1_91' title='bbox 611 1278 640 1325; x_wconf 92' lang='lat' dir='ltr'>et</span> <span class='ocrx_word' id='word_1_92' title='bbox 653 1269 691 1326; x_wconf 90' lang='lat' dir='ltr'>ab</span> <span class='ocrx_word' id='word_1_93' title='bbox 705 1269 821 1327; x_wconf 81' lang='lat' dir='ltr'>Sabinis</span> <span class='ocrx_word' id='word_1_94' title='bbox 834 1271 871 1326; x_wconf 91' lang='lat' dir='ltr'>ad</span> <span class='ocrx_word' id='word_1_95' title='bbox 886 1269 1016 1342; x_wconf 83' lang='lat' dir='ltr'><strong>Eretum,</strong></span> <span class='ocrx_word' id='word_1_96' title='bbox 1030 1282 1060 1328; x_wconf 86' lang='lat' dir='ltr'>et</span> <span class='ocrx_word' id='word_1_97' title='bbox 1073 1271 1104 1328; x_wconf 93' lang='lat' dir='ltr'>in</span> <span class='ocrx_word' id='word_1_98' title='bbox 1118 1271 1172 1330; x_wconf 87' lang='lat' dir='ltr'>Al-</span> 
     </span>
    </p>

    <p class='ocr_par' dir='ltr' id='par_1_6' title="bbox 149 1347 1173 2449">
     <span class='ocr_line' id='line_1_13' title="bbox 194 1347 1171 1424; baseline 0.005 -20"><span class='ocrx_word' id='word_1_99' title='bbox 194 1347 262 1424; x_wconf 86' lang='lat' dir='ltr'>gido</span> <span class='ocrx_word' id='word_1_100' title='bbox 275 1349 312 1406; x_wconf 88' lang='lat' dir='ltr'>ab</span> <span class='ocrx_word' id='word_1_101' title='bbox 327 1348 441 1423; x_wconf 86' lang='lat' dir='ltr'>AEquis,</span> <span class='ocrx_word' id='word_1_102' title='bbox 465 1348 613 1405; x_wconf 86' lang='lat' dir='ltr'>exercitus</span> <span class='ocrx_word' id='word_1_103' title='bbox 636 1358 726 1405; x_wconf 88' lang='lat' dir='ltr'>erant.</span> <span class='ocrx_word' id='word_1_104' title='bbox 769 1350 817 1407; x_wconf 90' lang='lat' dir='ltr'>Ab</span> <span class='ocrx_word' id='word_1_105' title='bbox 841 1349 930 1407; x_wconf 89' lang='lat' dir='ltr'>Ereto</span> <span class='ocrx_word' id='word_1_106' title='bbox 951 1368 1002 1424; x_wconf 89' lang='lat' dir='ltr'>per</span> <span class='ocrx_word' id='word_1_107' title='bbox 1023 1349 1171 1409; x_wconf 90' lang='lat' dir='ltr'>silentium</span> 
     </span>
     <span class='ocr_line' id='line_1_14' title="bbox 193 1426 1172 1503; baseline 0.005 -20"><span class='ocrx_word' id='word_1_108' title='bbox 193 1427 287 1484; x_wconf 89' lang='lat' dir='ltr'>noctis</span> <span class='ocrx_word' id='word_1_109' title='bbox 300 1427 425 1503; x_wconf 83' lang='lat' dir='ltr'>profugi,</span> <span class='ocrx_word' id='word_1_110' title='bbox 439 1426 556 1503; x_wconf 76' lang='lat' dir='ltr'>propitia</span> <span class='ocrx_word' id='word_1_111' title='bbox 569 1427 687 1495; x_wconf 85' lang='lat' dir='ltr'><strong>Urbem,</strong></span> <span class='ocrx_word' id='word_1_112' title='bbox 700 1427 774 1485; x_wconf 86' lang='lat' dir='ltr'>inter&#39;</span> <span class='ocrx_word' id='word_1_113' title='bbox 788 1428 914 1486; x_wconf 85' lang='lat' dir='ltr'>Fidenas</span> <span class='ocrx_word' id='word_1_114' title='bbox 928 1428 1172 1488; x_wconf 86' lang='lat' dir='ltr'>Crustumeriam-</span> 
     </span>
     <span class='ocr_line' id='line_1_15' title="bbox 193 1507 1173 1583; baseline 0.002 -19"><span class='ocrx_word' id='word_1_115' title='bbox 193 1523 260 1581; x_wconf 88' lang='lat' dir='ltr'>que,</span> <span class='ocrx_word' id='word_1_116' title='bbox 273 1507 337 1566; x_wconf 89' lang='lat' dir='ltr'>loco</span> <span class='ocrx_word' id='word_1_117' title='bbox 361 1507 440 1564; x_wconf 89' lang='lat' dir='ltr'>edito</span> <span class='ocrx_word' id='word_1_118' title='bbox 460 1519 555 1563; x_wconf 87' lang='lat' dir='ltr'>castra</span> <span class='ocrx_word' id='word_1_119' title='bbox 578 1507 826 1564; x_wconf 88' lang='lat' dir='ltr'>communierant:</span> <span class='ocrx_word' id='word_1_120' title='bbox 857 1508 1016 1583; x_wconf 87' lang='lat' dir='ltr'>persecutis</span> <span class='ocrx_word' id='word_1_121' title='bbox 1039 1509 1173 1567; x_wconf 79' lang='lat' dir='ltr'>hostibus</span> 
     </span>
     <span class='ocr_line' id='line_1_16' title="bbox 193 1585 1170 1659; baseline 0.004 -17"><span class='ocrx_word' id='word_1_122' title='bbox 193 1603 337 1659; x_wconf 89' lang='lat' dir='ltr'>nusquam</span> <span class='ocrx_word' id='word_1_123' title='bbox 355 1604 389 1642; x_wconf 87' lang='lat' dir='ltr'>se</span> <span class='ocrx_word' id='word_1_124' title='bbox 412 1603 493 1659; x_wconf 85' lang='lat' dir='ltr'>aequo</span> <span class='ocrx_word' id='word_1_125' title='bbox 514 1585 671 1643; x_wconf 75' lang='lat' dir='ltr'>certamine</span> <span class='ocrx_word' id='word_1_126' title='bbox 695 1586 917 1652; x_wconf 79' lang='lat' dir='ltr'>committentes,</span> <span class='ocrx_word' id='word_1_127' title='bbox 941 1587 1043 1642; x_wconf 72' lang='lat' dir='ltr'>natura</span> <span class='ocrx_word' id='word_1_128' title='bbox 1063 1587 1120 1644; x_wconf 91' lang='lat' dir='ltr'>loci</span> <span class='ocrx_word' id='word_1_129' title='bbox 1134 1605 1170 1646; x_wconf 85' lang='lat' dir='ltr'>ac</span> 
     </span>
     <span class='ocr_line' id='line_1_17' title="bbox 153 1663 1170 1738; baseline 0.004 -20"><span class='ocrx_word' id='word_1_130' title='bbox 153 1673 184 1712; x_wconf 80' lang='lat'>15</span> <span class='ocrx_word' id='word_1_131' title='bbox 195 1663 280 1730; x_wconf 87' lang='lat' dir='ltr'>vallo,</span> <span class='ocrx_word' id='word_1_132' title='bbox 295 1682 354 1720; x_wconf 91' lang='lat' dir='ltr'>non</span> <span class='ocrx_word' id='word_1_133' title='bbox 369 1663 471 1719; x_wconf 83' lang='lat' dir='ltr'>virtute</span> <span class='ocrx_word' id='word_1_134' title='bbox 486 1674 535 1720; x_wconf 90' lang='lat' dir='ltr'>aut</span> <span class='ocrx_word' id='word_1_135' title='bbox 548 1663 644 1735; x_wconf 88' lang='lat' dir='ltr'>armis,</span> <span class='ocrx_word' id='word_1_136' title='bbox 658 1663 833 1721; x_wconf 87' lang='lat' dir='ltr'>tutabantur.</span> <span class='ocrx_word' id='word_1_137' title='bbox 874 1663 971 1738; x_wconf 83' lang='lat' dir='ltr'>Majus</span> <span class='ocrx_word' id='word_1_138' title='bbox 986 1663 1126 1738; x_wconf 83' lang='lat' dir='ltr'>flagitium</span> <span class='ocrx_word' id='word_1_139' title='bbox 1139 1665 1170 1722; x_wconf 90' lang='lat' dir='ltr'>iu</span> 
     </span>
     <span class='ocr_line' id='line_1_18' title="bbox 193 1741 1172 1817; baseline 0.002 -19"><span class='ocrx_word' id='word_1_140' title='bbox 193 1741 315 1816; x_wconf 87' lang='lat' dir='ltr'>Algido,</span> <span class='ocrx_word' id='word_1_141' title='bbox 329 1741 420 1817; x_wconf 89' lang='lat' dir='ltr'>major</span> <span class='ocrx_word' id='word_1_142' title='bbox 440 1741 528 1798; x_wconf 90' lang='lat' dir='ltr'>etiam</span> <span class='ocrx_word' id='word_1_143' title='bbox 549 1741 646 1799; x_wconf 88' lang='lat' dir='ltr'>clades</span> <span class='ocrx_word' id='word_1_144' title='bbox 667 1754 804 1817; x_wconf 86' lang='lat' dir='ltr'>accepta:</span> <span class='ocrx_word' id='word_1_145' title='bbox 826 1751 920 1798; x_wconf 88' lang='lat' dir='ltr'>castra</span> <span class='ocrx_word' id='word_1_146' title='bbox 941 1759 1052 1815; x_wconf 81' lang='lat' dir='ltr'>quoque</span> <span class='ocrx_word' id='word_1_147' title='bbox 1067 1743 1172 1802; x_wconf 91' lang='lat' dir='ltr'>amissa</span> 
     </span>
     <span class='ocr_line' id='line_1_19' title="bbox 192 1818 1170 1899; baseline 0.002 -22"><span class='ocrx_word' id='word_1_148' title='bbox 192 1830 276 1878; x_wconf 90' lang='lat' dir='ltr'>eraut</span> <span class='ocrx_word' id='word_1_149' title='bbox 287 1841 295 1889; x_wconf 77' lang='lat'><em>3</em></span> <span class='ocrx_word' id='word_1_150' title='bbox 317 1830 478 1894; x_wconf 88' lang='lat' dir='ltr'>exutusque</span> <span class='ocrx_word' id='word_1_151' title='bbox 499 1820 633 1899; x_wconf 85' lang='lat' dir='ltr'>omnibus</span> <span class='ocrx_word' id='word_1_152' title='bbox 653 1821 834 1888; x_wconf 88' lang='lat' dir='ltr'>utensilibus,</span> <span class='ocrx_word' id='word_1_153' title='bbox 848 1819 932 1876; x_wconf 88' lang='lat' dir='ltr'>miles</span> <span class='ocrx_word' id='word_1_154' title='bbox 953 1818 1116 1877; x_wconf 85' lang='lat' dir='ltr'>Tusculum</span> <span class='ocrx_word' id='word_1_155' title='bbox 1129 1827 1170 1895; x_wconf 83' lang='lat' dir='ltr'>se,</span> 
     </span>
     <span class='ocr_line' id='line_1_20' title="bbox 192 1897 1171 1974; baseline 0.001 -18"><span class='ocrx_word' id='word_1_156' title='bbox 192 1897 248 1956; x_wconf 86' lang='lat' dir='ltr'>fide</span> <span class='ocrx_word' id='word_1_157' title='bbox 263 1899 520 1973; x_wconf 66' lang='lat' dir='ltr'>misericordiaque</span> <span class='ocrx_word' id='word_1_158' title='bbox 544 1899 671 1971; x_wconf 63' lang='lat' dir='ltr'>victurus</span> <span class='ocrx_word' id='word_1_159' title='bbox 696 1899 840 1974; x_wconf 90' lang='lat' dir='ltr'>hospitum</span> <span class='ocrx_word' id='word_1_160' title='bbox 856 1897 932 1974; x_wconf 78' lang='lat' dir='ltr'>(quas</span> <span class='ocrx_word' id='word_1_161' title='bbox 947 1907 1044 1956; x_wconf 88' lang='lat' dir='ltr'>tamen</span> <span class='ocrx_word' id='word_1_162' title='bbox 1058 1918 1116 1956; x_wconf 92' lang='lat' dir='ltr'>non</span> <span class='ocrx_word' id='word_1_163' title='bbox 1132 1900 1171 1958; x_wconf 78' lang='lat' dir='ltr'>l&#39;e·</span> 
     </span>
     <span class='ocr_line' id='line_1_21' title="bbox 191 1976 1168 2057; baseline 0.002 -23"><span class='ocrx_word' id='word_1_164' title='bbox 191 1976 350 2057; x_wconf 84' lang='lat' dir='ltr'>lelleruut),</span> <span class='ocrx_word' id='word_1_165' title='bbox 375 1977 544 2048; x_wconf 87' lang='lat' dir='ltr'>contulerat.</span> <span class='ocrx_word' id='word_1_166' title='bbox 593 1977 719 2034; x_wconf 88' lang='lat' dir='ltr'>Romam</span> <span class='ocrx_word' id='word_1_167' title='bbox 735 1977 814 2042; x_wconf 65' lang='lat' dir='ltr'>,tanti</span> <span class='ocrx_word' id='word_1_168' title='bbox 837 1987 919 2034; x_wconf 89' lang='lat' dir='ltr'>erant</span> <span class='ocrx_word' id='word_1_169' title='bbox 941 1985 1062 2033; x_wconf 89' lang='lat' dir='ltr'>terrores</span> <span class='ocrx_word' id='word_1_170' title='bbox 1081 1977 1168 2053; x_wconf 88' lang='lat' dir='ltr'>allati,</span> 
     </span>
     <span class='ocr_line' id='line_1_22' title="bbox 149 2055 1168 2132; baseline 0.001 -17"><span class='ocrx_word' id='word_1_171' title='bbox 149 2066 181 2108; x_wconf 74' lang='lat'>2⁰</span> <span class='ocrx_word' id='word_1_172' title='bbox 192 2067 235 2131; x_wconf 92' lang='lat' dir='ltr'>ut,</span> <span class='ocrx_word' id='word_1_173' title='bbox 248 2057 340 2132; x_wconf 87' lang='lat' dir='ltr'>posito</span> <span class='ocrx_word' id='word_1_174' title='bbox 350 2056 409 2132; x_wconf 85' lang='lat' dir='ltr'>jam</span> <span class='ocrx_word' id='word_1_175' title='bbox 433 2055 617 2113; x_wconf 89' lang='lat' dir='ltr'>decemvirali</span> <span class='ocrx_word' id='word_1_176' title='bbox 637 2056 714 2128; x_wconf 90' lang='lat' dir='ltr'>odio,</span> <span class='ocrx_word' id='word_1_177' title='bbox 740 2055 840 2112; x_wconf 90' lang='lat' dir='ltr'>Patres</span> <span class='ocrx_word' id='word_1_178' title='bbox 855 2055 966 2131; x_wconf 86' lang='lat' dir='ltr'>vigilias</span> <span class='ocrx_word' id='word_1_179' title='bbox 979 2055 1010 2112; x_wconf 86' lang='lat' dir='ltr'>iu</span> <span class='ocrx_word' id='word_1_180' title='bbox 1026 2055 1103 2114; x_wconf 88' lang='lat' dir='ltr'>Urbe</span> <span class='ocrx_word' id='word_1_181' title='bbox 1118 2057 1168 2116; x_wconf 91' lang='lat' dir='ltr'>ha·</span> 
     </span>
     <span class='ocr_line' id='line_1_23' title="bbox 192 2134 1167 2212; baseline 0.001 -19"><span class='ocrx_word' id='word_1_182' title='bbox 192 2137 303 2194; x_wconf 88' lang='lat' dir='ltr'>beudas</span> <span class='ocrx_word' id='word_1_183' title='bbox 327 2150 498 2203; x_wconf 83' lang='lat' dir='ltr'>censerent3</span> <span class='ocrx_word' id='word_1_184' title='bbox 519 2152 630 2202; x_wconf 88' lang='lat' dir='ltr'>omnes,</span> <span class='ocrx_word' id='word_1_185' title='bbox 654 2134 703 2209; x_wconf 91' lang='lat' dir='ltr'>qui</span> <span class='ocrx_word' id='word_1_186' title='bbox 724 2150 775 2209; x_wconf 90' lang='lat' dir='ltr'>per</span> <span class='ocrx_word' id='word_1_187' title='bbox 794 2144 907 2192; x_wconf 82' lang='lat' dir='ltr'>aetatem</span> <span class='ocrx_word' id='word_1_188' title='bbox 922 2153 1002 2191; x_wconf 90' lang='lat' dir='ltr'>arma</span> <span class='ocrx_word' id='word_1_189' title='bbox 1016 2134 1089 2192; x_wconf 90' lang='lat' dir='ltr'>serre</span> <span class='ocrx_word' id='word_1_190' title='bbox 1102 2155 1167 2212; x_wconf 90' lang='lat' dir='ltr'>pos-</span> 
     </span>
     <span class='ocr_line' id='line_1_24' title="bbox 191 2213 1166 2292; baseline 0 -19"><span class='ocrx_word' id='word_1_191' title='bbox 191 2226 265 2288; x_wconf 85' lang='lat' dir='ltr'>sent,</span> <span class='ocrx_word' id='word_1_192' title='bbox 286 2215 430 2275; x_wconf 90' lang='lat' dir='ltr'>custodire</span> <span class='ocrx_word' id='word_1_193' title='bbox 454 2214 571 2282; x_wconf 76' lang='lat' dir='ltr'>moenia,</span> <span class='ocrx_word' id='word_1_194' title='bbox 595 2233 630 2271; x_wconf 91' lang='lat' dir='ltr'>ac</span> <span class='ocrx_word' id='word_1_195' title='bbox 651 2233 702 2289; x_wconf 92' lang='lat' dir='ltr'>pro</span> <span class='ocrx_word' id='word_1_196' title='bbox 716 2213 811 2288; x_wconf 62' lang='lat' dir='ltr'>‘portis</span> <span class='ocrx_word' id='word_1_197' title='bbox 833 2213 971 2271; x_wconf 88' lang='lat' dir='ltr'>stationes</span> <span class='ocrx_word' id='word_1_198' title='bbox 985 2233 1071 2290; x_wconf 90' lang='lat' dir='ltr'>agere</span> <span class='ocrx_word' id='word_1_199' title='bbox 1083 2215 1166 2292; x_wconf 91' lang='lat' dir='ltr'>jube·</span> 
     </span>
     <span class='ocr_line' id='line_1_25' title="bbox 188 2291 1167 2382; baseline 0.001 -30"><span class='ocrx_word' id='word_1_200' title='bbox 188 2304 270 2364; x_wconf 81' lang='lat' dir='ltr'>rent3</span> <span class='ocrx_word' id='word_1_201' title='bbox 292 2313 372 2352; x_wconf 88' lang='lat' dir='ltr'>arma</span> <span class='ocrx_word' id='word_1_202' title='bbox 393 2292 556 2351; x_wconf 84' lang='lat' dir='ltr'>Tusculum</span> <span class='ocrx_word' id='word_1_203' title='bbox 581 2293 617 2350; x_wconf 89' lang='lat' dir='ltr'>ad</span> <span class='ocrx_word' id='word_1_204' title='bbox 641 2291 871 2382; x_wconf 88' lang='lat' dir='ltr'>supplementum</span> <span class='ocrx_word' id='word_1_205' title='bbox 894 2293 1095 2366; x_wconf 88' lang='lat' dir='ltr'>decernerent,</span> <span class='ocrx_word' id='word_1_206' title='bbox 1117 2294 1167 2353; x_wconf 88' lang='lat' dir='ltr'>de-</span> 
     </span>
     <span class='ocr_line' id='line_1_26' title="bbox 189 2371 1166 2449; baseline -0.001 -18"><span class='ocrx_word' id='word_1_207' title='bbox 189 2374 394 2449; x_wconf 87' lang='lat' dir='ltr'>cemvirosque,</span> <span class='ocrx_word' id='word_1_208' title='bbox 410 2373 447 2431; x_wconf 90' lang='lat' dir='ltr'>ab</span> <span class='ocrx_word' id='word_1_209' title='bbox 471 2391 538 2429; x_wconf 89' lang='lat' dir='ltr'>arce</span> <span class='ocrx_word' id='word_1_210' title='bbox 562 2371 686 2429; x_wconf 82' lang='lat' dir='ltr'>Tusculi</span> <span class='ocrx_word' id='word_1_211' title='bbox 708 2371 869 2446; x_wconf 86' lang='lat' dir='ltr'>degressos,</span> <span class='ocrx_word' id='word_1_212' title='bbox 883 2371 914 2428; x_wconf 91' lang='lat' dir='ltr'>in</span> <span class='ocrx_word' id='word_1_213' title='bbox 929 2371 1030 2428; x_wconf 92' lang='lat' dir='ltr'>castris</span> <span class='ocrx_word' id='word_1_214' title='bbox 1044 2372 1166 2430; x_wconf 91' lang='lat' dir='ltr'>militem</span> 
     </span>
    </p>

    <p class='ocr_par' dir='ltr' id='par_1_7' title="bbox 151 2449 1164 2524">
     <span class='ocr_line' id='line_1_27' title="bbox 151 2449 1164 2524; baseline -0.003 -14"><span class='ocrx_word' id='word_1_215' title='bbox 151 2452 312 2524; x_wconf 51' lang='lat' dir='ltr'>abaham</span> <span class='ocrx_word' id='word_1_216' title='bbox 335 2463 430 2510; x_wconf 91' lang='lat' dir='ltr'>castra</span> <span class='ocrx_word' id='word_1_217' title='bbox 444 2451 500 2508; x_wconf 92' lang='lat' dir='ltr'>alia</span> <span class='ocrx_word' id='word_1_218' title='bbox 514 2469 531 2506; x_wconf 91' lang='lat' dir='ltr'>a</span> <span class='ocrx_word' id='word_1_219' title='bbox 543 2449 664 2507; x_wconf 88' lang='lat' dir='ltr'>Fidenis</span> <span class='ocrx_word' id='word_1_220' title='bbox 678 2451 708 2506; x_wconf 91' lang='lat' dir='ltr'>in</span> <span class='ocrx_word' id='word_1_221' title='bbox 724 2450 865 2506; x_wconf 90' lang='lat' dir='ltr'>Sabinum</span> <span class='ocrx_word' id='word_1_222' title='bbox 880 2468 981 2524; x_wconf 86' lang='lat' dir='ltr'>agrurn</span> <span class='ocrx_word' id='word_1_223' title='bbox 996 2450 1143 2507; x_wconf 89' lang='lat' dir='ltr'>transferri</span> <span class='ocrx_word' id='word_1_224' title='bbox 1156 2470 1164 2519; x_wconf 83' lang='lat'>3</span> 
     </span>
    </p>

    <p class='ocr_par' dir='ltr' id='par_1_8' title="bbox 189 2527 1168 2608">
     <span class='ocr_line' id='line_1_28' title="bbox 189 2527 1168 2608; baseline -0.004 -18"><span class='ocrx_word' id='word_1_225' title='bbox 189 2533 320 2608; x_wconf 91' lang='lat' dir='ltr'>belloque</span> <span class='ocrx_word' id='word_1_226' title='bbox 336 2532 412 2589; x_wconf 90' lang='lat' dir='ltr'>ultro</span> <span class='ocrx_word' id='word_1_227' title='bbox 426 2530 578 2588; x_wconf 86' lang='lat' dir='ltr'>inferendo</span> <span class='ocrx_word' id='word_1_228' title='bbox 591 2527 729 2586; x_wconf 87' lang='lat' dir='ltr'>deterreri</span> <span class='ocrx_word' id='word_1_229' title='bbox 743 2528 840 2584; x_wconf 90' lang='lat' dir='ltr'>hostes</span> <span class='ocrx_word' id='word_1_230' title='bbox 854 2546 871 2583; x_wconf 92' lang='lat' dir='ltr'>a</span> <span class='ocrx_word' id='word_1_231' title='bbox 885 2527 1006 2584; x_wconf 89' lang='lat' dir='ltr'>consilio</span> <span class='ocrx_word' id='word_1_232' title='bbox 1020 2527 1106 2584; x_wconf 91' lang='lat' dir='ltr'>Urbis</span> <span class='ocrx_word' id='word_1_233' title='bbox 1119 2547 1168 2605; x_wconf 93' lang='lat' dir='ltr'>op·</span> 
     </span>
    </p>
   </div>
   <div class='ocr_carea' id='block_1_5' title="bbox 188 2612 395 2689">
    <p class='ocr_par' dir='ltr' id='par_1_9' title="bbox 188 2612 395 2689">
     <span class='ocr_line' id='line_1_29' title="bbox 188 2612 395 2689; baseline -0.01 -19"><span class='ocrx_word' id='word_1_234' title='bbox 188 2612 361 2689; x_wconf 75' lang='lat' dir='ltr'>pugnanda.</span> <span class='ocrx_word' id='word_1_235' title='bbox 388 2665 395 2680; x_wconf 59' lang='lat'>,</span> 
     </span>
    </p>
   </div>
   <div class='ocr_carea' id='block_1_6' title="bbox 131 2758 1191 3928">
    <p class='ocr_par' dir='ltr' id='par_1_10' title="bbox 150 2758 1191 3550">
     <span class='ocr_line' id='line_1_30' title="bbox 227 2758 1164 2836; baseline -0.009 -7"><span class='ocrx_word' id='word_1_236' title='bbox 227 2768 341 2830; x_wconf 87' lang='lat' dir='ltr'><strong>XLIII.</strong></span> <span class='ocrx_word' id='word_1_237' title='bbox 364 2769 413 2826; x_wconf 91' lang='lat' dir='ltr'>Ad</span> <span class='ocrx_word' id='word_1_238' title='bbox 428 2767 526 2825; x_wconf 85' lang='lat' dir='ltr'>clades</span> <span class='ocrx_word' id='word_1_239' title='bbox 540 2766 577 2822; x_wconf 93' lang='lat' dir='ltr'>ab</span> <span class='ocrx_word' id='word_1_240' title='bbox 591 2762 719 2822; x_wconf 90' lang='lat' dir='ltr'>hostibus</span> <span class='ocrx_word' id='word_1_241' title='bbox 741 2770 875 2836; x_wconf 87' lang='lat' dir='ltr'>acceptas</span> <span class='ocrx_word' id='word_1_242' title='bbox 897 2759 954 2816; x_wconf 92' lang='lat' dir='ltr'>duo</span> <span class='ocrx_word' id='word_1_243' title='bbox 980 2758 1105 2820; x_wconf 86' lang='lat' dir='ltr'>nefanda</span> <span class='ocrx_word' id='word_1_244' title='bbox 1125 2763 1164 2821; x_wconf 86' lang='lat' dir='ltr'>fa·</span> 
     </span>
     <span class='ocr_line' id='line_1_31' title="bbox 187 2837 1163 2917; baseline -0.005 -11"><span class='ocrx_word' id='word_1_245' title='bbox 187 2848 287 2906; x_wconf 84' lang='lat' dir='ltr'>cincta</span> <span class='ocrx_word' id='word_1_246' title='bbox 300 2846 457 2906; x_wconf 91' lang='lat' dir='ltr'>decemviri</span> <span class='ocrx_word' id='word_1_247' title='bbox 472 2845 540 2903; x_wconf 91' lang='lat' dir='ltr'>belli</span> <span class='ocrx_word' id='word_1_248' title='bbox 554 2843 688 2917; x_wconf 89' lang='lat' dir='ltr'>domique</span> <span class='ocrx_word' id='word_1_249' title='bbox 703 2840 852 2916; x_wconf 87' lang='lat' dir='ltr'>adjiciunt.</span> <span class='ocrx_word' id='word_1_250' title='bbox 874 2837 908 2894; x_wconf 91' lang='lat' dir='ltr'>L.</span> <span class='ocrx_word' id='word_1_251' title='bbox 924 2838 1053 2896; x_wconf 87' lang='lat' dir='ltr'>Siccium</span> <span class='ocrx_word' id='word_1_252' title='bbox 1068 2840 1098 2899; x_wconf 89' lang='lat' dir='ltr'>iu</span> <span class='ocrx_word' id='word_1_253' title='bbox 1112 2843 1163 2901; x_wconf 84' lang='lat' dir='ltr'>Sa·</span> 
     </span>
     <span class='ocr_line' id='line_1_32' title="bbox 150 2916 1162 3002; baseline -0.008 -14"><span class='ocrx_word' id='word_1_254' title='bbox 150 2927 274 3000; x_wconf 82' lang='lat' dir='ltr'>sabinis,</span> <span class='ocrx_word' id='word_1_255' title='bbox 294 2947 345 3002; x_wconf 92' lang='lat' dir='ltr'>per</span> <span class='ocrx_word' id='word_1_256' title='bbox 366 2926 503 2984; x_wconf 89' lang='lat' dir='ltr'>invidiam</span> <span class='ocrx_word' id='word_1_257' title='bbox 525 2920 755 2990; x_wconf 84' lang='lat' dir='ltr'>decemviralem,</span> <span class='ocrx_word' id='word_1_258' title='bbox 770 2916 949 2974; x_wconf 88' lang='lat' dir='ltr'>tribunorum</span> <span class='ocrx_word' id='word_1_259' title='bbox 971 2920 1162 2980; x_wconf 88' lang='lat' dir='ltr'>creandorum</span> 
     </span>
     <span class='ocr_line' id='line_1_33' title="bbox 186 2995 1161 3079; baseline -0.005 -16"><span class='ocrx_word' id='word_1_260' title='bbox 186 3005 415 3079; x_wconf 85' lang='lat' dir='ltr'>secessionisque</span> <span class='ocrx_word' id='word_1_261' title='bbox 435 3003 597 3062; x_wconf 88' lang='lat' dir='ltr'>mentiones</span> <span class='ocrx_word' id='word_1_262' title='bbox 611 3001 647 3058; x_wconf 86' lang='lat' dir='ltr'>ad</span> <span class='ocrx_word' id='word_1_263' title='bbox 661 2997 763 3072; x_wconf 92' lang='lat' dir='ltr'>vulgus</span> <span class='ocrx_word' id='word_1_264' title='bbox 781 2995 905 3053; x_wconf 91' lang='lat' dir='ltr'>militum</span> <span class='ocrx_word' id='word_1_265' title='bbox 920 2998 1100 3056; x_wconf 89' lang='lat' dir='ltr'>sermonibus</span> <span class='ocrx_word' id='word_1_266' title='bbox 1113 3019 1161 3060; x_wconf 92' lang='lat' dir='ltr'>cc·</span> 
     </span>
     <span class='ocr_line' id='line_1_34' title="bbox 183 3075 1160 3160; baseline -0.004 -18"><span class='ocrx_word' id='word_1_267' title='bbox 183 3083 275 3142; x_wconf 90' lang='lat' dir='ltr'>cultis</span> <span class='ocrx_word' id='word_1_268' title='bbox 288 3094 440 3156; x_wconf 88' lang='lat' dir='ltr'>serentem,</span> <span class='ocrx_word' id='word_1_269' title='bbox 454 3081 685 3160; x_wconf 88' lang='lat' dir='ltr'>prospeculatum</span> <span class='ocrx_word' id='word_1_270' title='bbox 709 3075 745 3132; x_wconf 87' lang='lat' dir='ltr'>ad</span> <span class='ocrx_word' id='word_1_271' title='bbox 759 3075 856 3134; x_wconf 92' lang='lat' dir='ltr'>locum</span> <span class='ocrx_word' id='word_1_272' title='bbox 870 3076 971 3132; x_wconf 91' lang='lat' dir='ltr'>castris</span> <span class='ocrx_word' id='word_1_273' title='bbox 985 3077 1160 3152; x_wconf 91' lang='lat' dir='ltr'>capiendum</span> 
     </span>
     <span class='ocr_line' id='line_1_35' title="bbox 186 3155 1159 3239; baseline -0.015 -20"><span class='ocrx_word' id='word_1_274' title='bbox 186 3162 304 3220; x_wconf 89' lang='lat' dir='ltr'>mittunt</span> <span class='ocrx_word' id='word_1_275' title='bbox 315 3170 328 3218; x_wconf 74' lang='lat'>:⁶</span> <span class='ocrx_word' id='word_1_276' title='bbox 343 3163 426 3220; x_wconf 91' lang='lat' dir='ltr'>datur</span> <span class='ocrx_word' id='word_1_277' title='bbox 449 3161 596 3239; x_wconf 86' lang='lat' dir='ltr'>negotium</span> <span class='ocrx_word' id='word_1_278' title='bbox 622 3155 770 3227; x_wconf 90' lang='lat' dir='ltr'>militibus,</span> <span class='ocrx_word' id='word_1_279' title='bbox 785 3173 855 3230; x_wconf 91' lang='lat' dir='ltr'>quos</span> <span class='ocrx_word' id='word_1_280' title='bbox 869 3155 1007 3212; x_wconf 81' lang='lat' dir='ltr'>miserant</span> <span class='ocrx_word' id='word_1_281' title='bbox 1020 3159 1159 3234; x_wconf 67' lang='lat' dir='ltr'>expediti.</span> 
     </span>
     <span class='ocr_line' id='line_1_36' title="bbox 184 3233 1159 3320; baseline -0.005 -20"><span class='ocrx_word' id='word_1_282' title='bbox 184 3242 249 3300; x_wconf 90' lang='lat' dir='ltr'>onis</span> <span class='ocrx_word' id='word_1_283' title='bbox 272 3243 334 3320; x_wconf 91' lang='lat' dir='ltr'>ejus</span> <span class='ocrx_word' id='word_1_284' title='bbox 356 3242 486 3308; x_wconf 90' lang='lat' dir='ltr'>comites,</span> <span class='ocrx_word' id='word_1_285' title='bbox 510 3250 542 3296; x_wconf 91' lang='lat' dir='ltr'>ut</span> <span class='ocrx_word' id='word_1_286' title='bbox 555 3256 622 3295; x_wconf 88' lang='lat' dir='ltr'>eum</span> <span class='ocrx_word' id='word_1_287' title='bbox 643 3244 803 3311; x_wconf 91' lang='lat' dir='ltr'>opportuno</span> <span class='ocrx_word' id='word_1_288' title='bbox 827 3233 918 3290; x_wconf 89' lang='lat' dir='ltr'>adorti</span> <span class='ocrx_word' id='word_1_289' title='bbox 938 3233 1002 3291; x_wconf 90' lang='lat' dir='ltr'>loco</span> <span class='ocrx_word' id='word_1_290' title='bbox 1016 3236 1159 3295; x_wconf 91' lang='lat' dir='ltr'>interfice·</span> 
     </span>
     <span class='ocr_line' id='line_1_37' title="bbox 150 3312 1158 3391; baseline -0.011 -10"><span class='ocrx_word' id='word_1_291' title='bbox 150 3329 256 3383; x_wconf 80' lang='lat' dir='ltr'>ssrsnt.</span> <span class='ocrx_word' id='word_1_292' title='bbox 299 3322 389 3379; x_wconf 91' lang='lat' dir='ltr'>Haud</span> <span class='ocrx_word' id='word_1_293' title='bbox 413 3319 535 3376; x_wconf 90' lang='lat' dir='ltr'>inultum</span> <span class='ocrx_word' id='word_1_294' title='bbox 559 3313 752 3374; x_wconf 73' lang='lat' dir='ltr'>interfecere:</span> <span class='ocrx_word' id='word_1_295' title='bbox 774 3331 841 3371; x_wconf 85' lang='lat' dir='ltr'>narn</span> <span class='ocrx_word' id='word_1_296' title='bbox 856 3312 936 3370; x_wconf 89' lang='lat' dir='ltr'>circa</span> <span class='ocrx_word' id='word_1_297' title='bbox 948 3327 1158 3391; x_wconf 88' lang='lat' dir='ltr'>repugnantem</span> 
     </span>
     <span class='ocr_line' id='line_1_38' title="bbox 184 3391 1156 3475; baseline -0.011 -16"><span class='ocrx_word' id='word_1_298' title='bbox 184 3400 292 3475; x_wconf 84' lang='lat' dir='ltr'>aliquot</span> <span class='ocrx_word' id='word_1_299' title='bbox 306 3398 487 3457; x_wconf 88' lang='lat' dir='ltr'>insidiatores</span> <span class='ocrx_word' id='word_1_300' title='bbox 511 3393 656 3467; x_wconf 73' lang='lat' dir='ltr'>cecidere,</span> <span class='ocrx_word' id='word_1_301' title='bbox 677 3411 765 3468; x_wconf 91' lang='lat' dir='ltr'>quum</span> <span class='ocrx_word' id='word_1_302' title='bbox 780 3391 840 3466; x_wconf 91' lang='lat' dir='ltr'>ipse</span> <span class='ocrx_word' id='word_1_303' title='bbox 855 3407 885 3448; x_wconf 85' lang='lat' dir='ltr'>se</span> <span class='ocrx_word' id='word_1_304' title='bbox 899 3394 1080 3467; x_wconf 69' lang='lat' dir='ltr'>praevalidus,</span> <span class='ocrx_word' id='word_1_305' title='bbox 1094 3393 1156 3468; x_wconf 89' lang='lat' dir='ltr'>pari</span> 
     </span>
     <span class='ocr_line' id='line_1_39' title="bbox 183 3469 1191 3550; baseline -0.01 -14"><span class='ocrx_word' id='word_1_306' title='bbox 183 3480 293 3536; x_wconf 80' lang='lat' dir='ltr'>viribus</span> <span class='ocrx_word' id='word_1_307' title='bbox 307 3477 413 3543; x_wconf 86' lang='lat' dir='ltr'>animo,</span> <span class='ocrx_word' id='word_1_308' title='bbox 429 3475 643 3532; x_wconf 88' lang='lat' dir='ltr'>circumventus</span> <span class='ocrx_word' id='word_1_309' title='bbox 667 3482 815 3529; x_wconf 89' lang='lat' dir='ltr'>tutaretur.</span> <span class='ocrx_word' id='word_1_310' title='bbox 857 3469 1003 3528; x_wconf 86' lang='lat' dir='ltr'>Nuntiant</span> <span class='ocrx_word' id='word_1_311' title='bbox 1016 3471 1047 3528; x_wconf 92' lang='lat' dir='ltr'>iu</span> <span class='ocrx_word' id='word_1_312' title='bbox 1062 3479 1156 3527; x_wconf 88' lang='lat' dir='ltr'>castra</span> <span class='ocrx_word' id='word_1_313' title='bbox 1187 3541 1191 3550; x_wconf 26' lang='grc' dir='ltr'><strong><em>ι</em></strong></span> 
     </span>
    </p>

    <p class='ocr_par' dir='ltr' id='par_1_11' title="bbox 131 3545 1178 3928">
     <span class='ocr_line' id='line_1_40' title="bbox 154 3545 1156 3632; baseline -0.019 -16"><span class='ocrx_word' id='word_1_314' title='bbox 154 3565 160 3576; x_wconf 90' lang='grc'><strong>’</strong></span> <span class='ocrx_word' id='word_1_315' title='bbox 183 3557 293 3628; x_wconf 90' lang='lat' dir='ltr'>caeteri,</span> <span class='ocrx_word' id='word_1_316' title='bbox 307 3554 516 3632; x_wconf 75' lang='lat' dir='ltr'>precipitatum</span> <span class='ocrx_word' id='word_1_317' title='bbox 539 3553 570 3611; x_wconf 91' lang='lat' dir='ltr'>in</span> <span class='ocrx_word' id='word_1_318' title='bbox 595 3552 715 3610; x_wconf 90' lang='lat' dir='ltr'>insidias</span> <span class='ocrx_word' id='word_1_319' title='bbox 729 3569 792 3608; x_wconf 91' lang='lat' dir='ltr'>esse</span> <span class='ocrx_word' id='word_1_320' title='bbox 808 3548 939 3606; x_wconf 88' lang='lat' dir='ltr'>Siccium</span> <span class='ocrx_word' id='word_1_321' title='bbox 953 3545 1070 3624; x_wconf 76' lang='lat' dir='ltr'>egregie</span> <span class='ocrx_word' id='word_1_322' title='bbox 1084 3559 1156 3618; x_wconf 88' lang='lat' dir='ltr'>pug-</span> 
     </span>
     <span class='ocr_line' id='line_1_41' title="bbox 183 3618 1156 3710; baseline -0.02 -15"><span class='ocrx_word' id='word_1_323' title='bbox 183 3646 313 3703; x_wconf 88' lang='lat' dir='ltr'>nantem,</span> <span class='ocrx_word' id='word_1_324' title='bbox 338 3633 498 3708; x_wconf 88' lang='lat' dir='ltr'>militesque</span> <span class='ocrx_word' id='word_1_325' title='bbox 521 3631 659 3710; x_wconf 76' lang='lat' dir='ltr'>qdosdam</span> <span class='ocrx_word' id='word_1_326' title='bbox 673 3649 741 3688; x_wconf 89' lang='lat' dir='ltr'>cum</span> <span class='ocrx_word' id='word_1_327' title='bbox 755 3647 791 3685; x_wconf 88' lang='lat' dir='ltr'>eo</span> <span class='ocrx_word' id='word_1_328' title='bbox 804 3627 932 3684; x_wconf 88' lang='lat' dir='ltr'>amissos.</span> <span class='ocrx_word' id='word_1_329' title='bbox 973 3619 1070 3707; x_wconf 73' lang='lat' dir='ltr'>Primo</span> <span class='ocrx_word' id='word_1_330' title='bbox 1084 3618 1156 3676; x_wconf 90' lang='lat' dir='ltr'>fides</span> 
     </span>
     <span class='ocr_line' id='line_1_42' title="bbox 131 3695 1153 3788; baseline -0.021 -13"><span class='ocrx_word' id='word_1_331' title='bbox 131 3713 383 3788; x_wconf 67' lang='lat' dir='ltr'>,enuntiantibus</span> <span class='ocrx_word' id='word_1_332' title='bbox 407 3712 468 3771; x_wconf 88' lang='lat' dir='ltr'>fuit.</span> <span class='ocrx_word' id='word_1_333' title='bbox 509 3710 643 3770; x_wconf 87' lang='lat' dir='ltr'>Profecta</span> <span class='ocrx_word' id='word_1_334' title='bbox 663 3709 769 3766; x_wconf 89' lang='lat' dir='ltr'>deiude</span> <span class='ocrx_word' id='word_1_335' title='bbox 791 3706 893 3763; x_wconf 89' lang='lat' dir='ltr'>cohors</span> <span class='ocrx_word' id='word_1_336' title='bbox 913 3702 950 3757; x_wconf 87' lang='lat' dir='ltr'>ad</span> <span class='ocrx_word' id='word_1_337' title='bbox 963 3695 1153 3770; x_wconf 83' lang='lat' dir='ltr'>sepeliendos,</span> 
     </span>
     <span class='ocr_line' id='line_1_43' title="bbox 182 3771 1178 3928; baseline -0.016 -76"><span class='ocrx_word' id='word_1_338' title='bbox 182 3794 229 3872; x_wconf 92' lang='lat' dir='ltr'>qui</span> <span class='ocrx_word' id='word_1_339' title='bbox 254 3793 431 3868; x_wconf 89' lang='lat' dir='ltr'>ceciderant,</span> <span class='ocrx_word' id='word_1_340' title='bbox 455 3791 682 3928; x_wconf 61' lang='lat' dir='ltr'>decergqirorum</span> <span class='ocrx_word' id='word_1_341' title='bbox 703 3783 856 3864; x_wconf 87' lang='lat' dir='ltr'>permissu,</span> <span class='ocrx_word' id='word_1_342' title='bbox 877 3787 1025 3852; x_wconf 85' lang='lat' dir='ltr'>postquam</span> <span class='ocrx_word' id='word_1_343' title='bbox 1043 3771 1154 3836; x_wconf 88' lang='lat' dir='ltr'>nullum</span> <span class='ocrx_word' id='word_1_344' title='bbox 1174 3793 1178 3804; x_wconf 92' lang='lat'><em>·</em></span> 
     </span>
    </p>
   </div>
   <div class='ocr_carea' id='block_1_7' title="bbox 918 4039 949 4080">
    <p class='ocr_par' dir='ltr' id='par_1_12' title="bbox 918 4039 949 4080">
     <span class='ocr_line' id='line_1_44' title="bbox 918 4039 949 4080; baseline 0 -2"><span class='ocrx_word' id='word_1_345' title='bbox 918 4039 949 4080; x_wconf 62' lang='grc' dir='ltr'><strong><em>θ</em></strong></span> 
     </span>
    </p>
   </div>
   <div class='ocr_carea' id='block_1_8' title="bbox 0 0 1282 4314">
    <p class='ocr_par' dir='ltr' id='par_1_13' title="bbox 0 0 1282 4314">
     <span class='ocr_line' id='line_1_45' title="bbox 0 0 1282 4314; baseline 0 4"><span class='ocrx_word' id='word_1_346' title='bbox 0 0 1282 4314; x_wconf 95' lang='lat' dir='ltr'> </span> 
     </span>
    </p>
   </div>
  </div>
 </body>
</html>
