2556 4314
484 331 592 381 LIBER
607 330 652 380 VI.
670 343 733 381 err.
749 345 794 380 xx.
1071 329 1130 388 143

150 475 192 538 Q.
207 474 350 534 Publilius
373 475 482 534 tribuni
502 471 605 552 plebis,
627 473 742 536 “Quid
755 473 873 532 Petrum
893 483 923 530 et
935 471 1026 548 plebis
1039 480 1130 530 certa·

153 559 172 588 “
184 573 252 613 men
267 556 401 629 fecimus,
425 555 501 630 quod
526 554 650 612 civitatis
673 573 737 612 esse
759 554 896 611 adversus
908 571 998 610 unum
1016 551 1129 627 pestife-
1160 599 1165 608 ,

152 639 249 693 “rum
273 636 369 695 civem
393 635 501 692 debetl
541 634 625 697 Quid
649 653 718 692 cum
738 634 823 710 plebe
845 633 1027 709 aggredimur
1050 649 1127 703 eum,

152 724 173 752 ‘⁶
185 734 272 790 quem
283 734 335 791 per
345 716 437 791 ipsam
446 711 559 794 plebem
569 715 659 772 tutius
667 713 786 790 aggredi
800 723 852 784 est,
868 722 900 770 ut
912 711 974 769 suis
988 707 1048 786 ipse
1061 727 1130 767 one-

128 798 173 843 ⁵“
185 805 265 853 ratus
273 795 380 852 viribus
390 796 477 852 ruatl
493 793 579 851 Diem
588 794 686 854 dicere
697 794 725 850 ei
735 793 819 850 uobis
830 792 860 849 in
874 791 972 849 animo
980 799 1042 847 est:
1058 787 1129 846 nihil

153 873 283 932 “minda
305 874 441 950 populare
462 874 548 948 quim
572 890 694 949 regnum
708 882 761 930 est.
803 871 895 938 Simul
917 869 1071 928 multitudo
1083 868 1133 925 illa

153 957 243 1012 “uon
264 972 363 1011 secum
388 953 492 1010 certari
513 952 646 1019 viderint,
670 961 700 1008 et
720 970 756 1010 ex
770 950 916 1008 advocatis
933 949 1048 1026 judices
1062 945 1131 1006 lacti

152 1041 174 1068 ‘⁶
186 1043 279 1100 erunt,
295 1042 325 1090 et
348 1042 530 1089 accusatores
551 1032 587 1088 de
600 1031 696 1106 plebe,
714 1029 867 1105 patricium
881 1048 963 1087 reum
977 1028 1132 1086 intuebun-

153 1117 173 1148 “
185 1121 240 1183 tur,
255 1121 284 1168 et
296 1111 379 1187 regni
394 1111 505 1168 crimen
519 1110 550 1168 in
564 1110 675 1180 medi03
697 1109 768 1168 nulli
782 1109 885 1186 magis,
905 1109 992 1184 quam
1005 1105 1131 1166 libertati

118 1195 144 1241 1⁰
154 1199 173 1228 ‘⁴
188 1190 325 1248 favebunt
338 1189 428 1248 suae.'’
458 1191 502 1277 ,J

191 1349 262 1407 XX.
283 1348 521 1426 Approbantibus
533 1348 666 1421 cunctis,
680 1347 758 1406 diem
779 1347 891 1407 Manlio
911 1345 1031 1404 dicunt:
1051 1345 1130 1421 quod

101 1410 132 1460 λ·
152 1429 203 1486 ubi
223 1428 401 1501 estfactum,
418 1427 512 1504 primd
534 1439 678 1487 commota
689 1428 771 1504 plebs
791 1437 844 1496 est,
867 1426 965 1502 utique
979 1435 1130 1502 postquam

153 1509 333 1566 sordidatum
356 1525 439 1564 reum
453 1507 604 1577 viderunt;
626 1526 683 1565 nec
697 1526 765 1566 cum
779 1503 886 1566 eo'non
900 1505 986 1564 modd
1011 1504 1130 1564 Parrum

126 1636 129 1645 ,
151 1605 338 1662 quemquam,
353 1587 404 1644 sed
418 1605 456 1644 ne
467 1595 606 1663 cognatos
619 1586 735 1660 quidem
747 1601 797 1643 aut
810 1587 919 1658 affines,
932 1585 1078 1662 postremis
1092 1601 1131 1644 ue

67 1725 70 1729 ,
119 1683 144 1723 15
154 1667 258 1724 fratres
270 1667 399 1741 quidem,
411 1666 449 1723 A.
463 1676 493 1723 et
514 1666 552 1723 T.
574 1665 716 1724 Manlios:
736 1666 813 1740 quod
833 1666 870 1722 ad
884 1684 951 1722 eum
965 1666 1044 1723 diem
1057 1683 1132 1722 uun·

151 1761 241 1821 quam
266 1764 321 1802 usu
345 1745 481 1818 venisset,
502 1754 535 1803 ut
557 1744 588 1802 in
601 1755 682 1808 tento
705 1744 872 1802 discrimine
886 1763 945 1802 non
967 1755 996 1801 et
1009 1742 1132 1819 proximi

152 1835 264 1882 vestem
278 1833 444 1882 mutarent:
466 1824 524 1900 Ap.
540 1824 664 1882 Claudio
677 1823 707 1882 in
721 1823 838 1882 vincula
851 1825 948 1896 ducto,
964 1823 998 1882 C.
1014 1823 1132 1882 Claudi·

153 1923 204 1963 um
238 1903 391 1962 inimicum
424 1904 635 1980 Claudiamque
669 1923 786 1962 omnem
812 1899 930 1980 gentem
957 1903 1132 1962 sordidatum

154 1983 260 2042 luisse:
292 2003 437 2042 consensu
460 1983 583 2060 opprimi
607 1984 774 2060 popularem
797 1984 900 2051 virum,
924 1981 1001 2059 qudd
1021 1982 1132 2058 primus

16 2119 21 2130 ,
118 2079 172 2121 soa
194 2062 328 2121 Patribus
351 2065 387 2122 ad
411 2064 525 2140 plebem
549 2062 710 2121 defecisset.
751 2063 854 2125 Quum
866 2063 928 2120 dies
952 2063 1041 2130 venit,
1056 2081 1131 2139 quae,

153 2153 257 2220 praeter
271 2153 363 2201 coetus
377 2143 570 2201 multitudinis
580 2143 787 2219 seditiosasque
795 2162 891 2211 voces,
903 2153 932 2201 et
945 2141 1130 2220 largitionem

153 2232 183 2280 et
198 2222 284 2280 fallax
307 2223 458 2295 indicium,
480 2223 654 2300 pertinentia
676 2223 789 2300 proprie
810 2223 847 2281 ad
861 2223 943 2300 regni
957 2223 1079 2294 crimen,
1094 2223 1132 2280 ab

154 2302 371 2361 accusatoribus
384 2303 499 2379 objecta
512 2303 570 2361 sint
583 2323 642 2371 reo,
657 2304 734 2378 apud
755 2303 904 2360 nemiuem
924 2313 1074 2362 auctorem
1088 2301 1132 2361 in·

153 2382 255 2440 venio:
277 2401 333 2439 nec
347 2382 448 2439 dubito
462 2383 541 2439 haud
561 2381 760 2457 pervaluisse,
774 2400 863 2457 quum
878 2381 1036 2440 damnandi
1051 2400 1132 2441 mora

117 2475 143 2516 as
152 2461 231 2538 plebi
245 2480 304 2519 non
318 2461 349 2518 in
363 2462 461 2538 causa,
485 2461 536 2517 sed
551 2460 582 2517 in
602 2460 677 2528 loco,
692 2461 786 2518 luerit.
827 2461 904 2517 Illud
917 2460 1078 2518 notandum
1091 2462 1133 2520 vi-

152 2542 249 2611 detur,
260 2550 293 2596 ut
305 2540 401 2596 sciant
414 2538 557 2605 homines,
571 2556 635 2612 quae
648 2548 678 2595 et
691 2548 799 2612 quanta
811 2539 917 2596 decora
930 2539 1005 2595 foeda
1020 2539 1133 2614 cupidi·

151 2631 198 2678 tas
221 2618 305 2694 regni
328 2635 387 2675 non
402 2617 516 2693 ingrata
536 2615 637 2689 soldm,
651 2617 703 2673 sed
727 2617 820 2674 invisa
840 2617 939 2684 etiam,
964 2616 1132 2678 redidderit

153 2698 299 2757 Homines
318 2694 408 2774 prope
422 2695 647 2773 quadringentos
660 2695 828 2770 produxisse
849 2695 965 2765 dicitur,
978 2695 1084 2772 quibus
1098 2697 1135 2756 si·

152 2796 192 2838 ne
208 2778 318 2835 soenore
339 2794 482 2853 expensas
502 2774 642 2850 pecunias
665 2774 786 2847 tulisset,
800 2794 921 2852 quorum
935 2776 1011 2834 bona
1024 2779 1132 2854 venire,

112 2872 225 2938 ¹aequos
248 2856 317 2914 duci
340 2847 483 2914 addictos
492 2854 693 2930 prohibuisset.
734 2854 784 2912 Ad
808 2856 882 2927 haec,
901 2855 1006 2934 decora
1019 2877 1132 2936 quoque

156 2937 223 2994 belli
244 2955 304 2993 non
328 2935 572 2992 commemorasse
597 2933 720 3007 tantdm,
734 2935 786 2994 sed
799 2934 949 3010 protulisse
963 2937 1051 2996 etiarn
1062 2959 1132 3000 cou-

154 3015 324 3094 spicienda3
346 3014 436 3091 spolia
457 3014 581 3072 hostium
595 3032 736 3072 caesorum
751 3016 787 3072 ad
802 3015 929 3092 triginta,
953 3017 1031 3075 dona
1043 3019 1132 3096 impe·
1227 3060 1229 3066 ·

154 3105 281 3154 ratorum
296 3094 332 3151 ad
347 3093 537 3170 quadraginta
548 3113 556 3165 ;
577 3093 608 3152 in
633 3094 738 3170 quibus
761 3094 891 3172 insignes
915 3097 987 3154 duas
1006 3101 1132 3159 murales

154 3193 286 3249 coronas,
310 3173 417 3232 civicas
440 3183 525 3232 octo:
557 3175 594 3231 ad
618 3175 692 3242 herc,
707 3185 833 3234 servatos
852 3195 890 3232 ex
903 3177 1033 3236 hostibus
1053 3181 1133 3239 cives

119 3269 145 3309 ³⁵
155 3253 322 3331 produxisse
334 3274 341 3323 ;
364 3253 439 3312 inter
453 3273 524 3329 quos
538 3253 573 3312 C.
589 3253 743 3311 Servilium
757 3255 926 3331 magistrum
940 3257 1069 3332 equitum
1084 3262 1133 3318 ab·

155 3344 266 3392 sentem
288 3333 490 3403 nominatum3
512 3344 542 3390 et
564 3352 653 3408 quum
674 3352 710 3390 ea
732 3351 855 3410 quoque,
877 3355 941 3410 quae
955 3337 1030 3396 bello
1051 3350 1133 3414 gesta

154 3424 262 3485 essent,
276 3430 335 3486 pro
359 3411 472 3487 fastigio
495 3431 592 3469 rerum
618 3413 746 3471 oratione
770 3414 858 3473 etiam
871 3417 1036 3492 magnifica,
1057 3417 1134 3475 laeta

153 3492 242 3551 dictis
256 3490 407 3565 equando,
420 3489 616 3557 m'e‘mordsset
630 3493 755 3550 nudisse
767 3504 871 3568 pectus
884 3495 999 3572 insigne
1020 3494 1134 3553 cicatri-

153 3571 240 3631 cibus
259 3569 335 3626 bello
356 3570 507 3646 acceptis3
539 3580 568 3628 et
589 3571 757 3640 identidem,
785 3573 962 3649 Capitolium
989 3581 1132 3645 spectans,

118 3667 144 3709 to
154 3652 258 3711 Jorem
272 3648 408 3724 Deosque
422 3648 492 3707 alios
516 3649 670 3709 devocasse
684 3652 721 3709 ad
740 3652 878 3732 auxilium
894 3652 1072 3708 fortunarum
1086 3669 1133 3706 su·

155 3750 257 3790 arum:
278 3738 470 3805 precatusque
483 3748 556 3802 esse,
571 3740 611 3802 ut,
626 3749 712 3806 quarn
727 3740 855 3787 mentem
869 3729 925 3785 sibi
938 3727 1132 3800 Capitolinam

155 3830 254 3871 arcem
276 3808 440 3888 protegenti
462 3810 498 3868 ad
512 3810 635 3870 salutem
644 3809 743 3886 populi
757 3806 886 3865 Romani
900 3805 1057 3877 dedissent,
1069 3825 1134 3867 eam
