2520 4310
441 366 548 416 arasa
563 365 648 419 xxx.
665 377 728 418 aar.
745 362 853 420 xxxa.v
959 370 965 380 ¹
1005 339 1011 350 ’
1041 407 1046 415 .
1073 365 1134 426 239

81 579 82 584 η
161 513 190 588 pi
205 511 309 570 uberes
319 508 427 583 Italiae,¹
439 506 572 573 deductis
595 529 640 569 ex·
654 507 994 592 asperrimismentibus,
1008 509 1038 568 in
1052 523 1134 587 spem
1191 481 1193 486 Ι

91 651 93 654 .
161 589 289 650 victorie
309 599 508 649 ostentantur:
530 589 650 652 Mauros
673 589 872 666 Numidasque
896 589 1059 648 Masinissae
1082 589 1135 648 irin-

160 669 272 746 potenti
286 668 381 730 futuro
405 669 555 728 dominatu
574 680 671 728 terret
712 670 789 729 Aliis
812 670 875 728 alie
898 688 963 746 spes
985 687 1021 727 ae
1042 679 1148 728 metus.

159 749 314 826 jactantur.
356 743 646 826 Carthaginiensibus
666 749 775 808 moenia
797 748 906 827 patrie,
927 749 978 807 Dii
1001 748 1160 817 Penates,
1249 745 1254 810 j

141 827 296 906 ssepulcra
308 828 461 904 majorum,
479 828 563 888 liberi
583 847 652 888 eum
664 827 844 905 parentibus,
856 828 996 906 conjuges
1015 827 1137 904 pavide,

162 919 214 968 aut
226 907 388 966 exscidium
412 907 625 986 servitiumque,
650 917 700 966 aut
722 908 875 986 imperium
896 907 973 967 orbis
986 918 1137 975 terrenum,

163 986 236 1046 nihil
249 983 299 1046 aut
313 988 343 1044 in
357 997 468 1046 metum
479 998 530 1045 aut
542 987 574 1046 iu
591 1005 672 1063 spem
686 987 814 1064 medium
826 996 994 1046 ostentmm.
1033 986 1138 1049 Quum

162 1062 368 1127 maximeliaec
382 1067 537 1141 imperator
549 1067 624 1142 apud
639 1065 905 1147 Carthaginienses,
916 1068 1007 1126 duces
1020 1085 1139 1126 suarum

161 1143 292 1222 gentium
298 1142 378 1202 inter
385 1145 546 1224 populares,
557 1145 685 1221 plerique
699 1163 750 1222 per
758 1143 929 1222 interpretes
940 1145 1015 1204 inter
1025 1143 1139 1204 immix-

122 1240 154 1283 -ιο
163 1233 207 1283 tos
219 1223 400 1300 alienigenis,
415 1234 544 1301 agerent,
559 1224 636 1282 tube
647 1243 812 1301 cornuaque
823 1225 860 1284 ab
871 1223 1016 1285 Romanis
1022 1223 1139 1284 cecine-

162 1314 248 1362 runt:
269 1313 421 1377 tantusque
436 1303 544 1361 clamor
564 1313 653 1376 ortus,
674 1311 707 1362 dt
719 1304 865 1380 elephanti
881 1304 911 1388 ip
926 1323 1003 1380 sues,
1023 1303 1139 1364 sinistro

163 1382 288 1441 maxime
297 1399 397 1449 cornu,
406 1391 594 1455 verterentur,
604 1381 720 1441 Mauro
730 1383 927 1445 a'eNumidas.
937 1383 1061 1442 Addidit
1069 1382 1140 1442 iaci-

164 1460 191 1518 ld
202 1460 358 1518 Masinissa
367 1459 506 1535 perculsis
517 1469 664 1530 terrorem,
675 1461 850 1538 nudauitque
861 1463 898 1520 ab
908 1464 942 1520 ea
952 1473 1033 1540 parte
1044 1461 1139 1521 aciem

164 1539 289 1615 equestri
296 1538 413 1597 auxilio.
435 1537 540 1598 Paucae
551 1549 649 1622 tamen
656 1538 823 1615 bestiarum,
829 1541 977 1618 intrepide
988 1543 1018 1600 in
1027 1543 1140 1602 hostem

131 1619 339 1689 ltaetae,i1'rter
360 1618 479 1676 velitum
502 1617 619 1677 ordines
641 1638 709 1676 eum
730 1619 828 1688 miultis
847 1619 906 1678 suis
919 1619 1084 1680 vulneribus
1098 1622 1142 1680 in·

165 1707 283 1775 gentem
306 1709 429 1774 stragem
452 1696 594 1756 edebant:
625 1697 786 1757 resilientes
810 1697 889 1757 enim
915 1699 952 1755 ad
980 1699 1141 1775 manipulos

165 1777 276 1850 velites,
290 1773 379 1852 quum
401 1775 655 1856 viamjelephantis,
669 1796 707 1835 ne
720 1779 929 1852 obtererentur,
940 1775 1095 1847 fecissent3
1109 1778 1140 1837 i'n

165 1856 307 1933 ancipites
321 1857 357 1915 ad
381 1855 473 1915 ictum
494 1855 636 1932 utrimque
658 1857 854 1934 conjiciebant
876 1858 993 1926 hastas3
1014 1875 1070 1918 nec
1083 1857 1142 1934 pila

140 1975 147 1990 .
165 1936 203 1993 ab
237 1933 435 2012 antesignanis
464 1936 637 2007 cessabant3
653 1937 764 1996 .donec
784 1931 918 2012 ‘undique
945 1935 1143 1994 incidentibus
1181 1939 1184 1946 ’

131 2035 158 2076 so
167 2015 232 2073 telis
245 2017 340 2094 exacti
354 2034 391 2073 ex
414 2014 549 2074 Romani
569 2015 641 2087 acie,
656 2016 686 2074 hi
699 2035 813 2093 quoque
826 2016 858 2075 in
872 2035 924 2075 suo
937 2015 1038 2075 dextro
1051 2034 1142 2074 cornu

168 2094 245 2170 ipsos
268 2093 555 2170 Carthaginiensium
569 2096 687 2171 equites
708 2097 739 2153 in
761 2095 860 2172 fugam
883 2105 1038 2154 verterunt.
1080 2095 1143 2156 Le·

168 2173 234 2241 lius,
256 2183 287 2231 ut
300 2174 428 2232 turbatos
441 2173 514 2233 vidit
528 2175 633 2243 hostes,
648 2175 729 2233 addit
741 2173 882 2252 perculsis
895 2185 1042 2235 terrorem.

208 2331 354 2389 XXXIV.
375 2330 525 2407 Utrimque
535 2332 631 2408 equite
643 2327 1044 2408 nudataerat‘Punieaacies,
1054 2351 1143 2408 quum

167 2407 258 2486 pedes
271 2410 427 2481 concurrit,
438 2429 494 2468 nec
507 2429 558 2485 spe
571 2429 630 2468 nec·
641 2411 749 2468 viribus
767 2411 827 2485 jam
840 2429 908 2485 par:
930 2411 965 2468 ed
983 2413 1049 2478 hec,
1063 2411 1144 2470 dieto

131 2506 268 2565 asperus,
281 2488 332 2546 sed
355 2488 454 2564 magni
477 2489 580 2545 eadem
603 2489 634 2546 in
656 2489 836 2563 regerenda
850 2489 986 2546 momenti
1007 2507 1063 2566 res,
1077 2507 1145 2548 eon·

149 2603 152 2607 -
169 2585 277 2644 gruans
298 2566 407 2625 clamor
431 2585 449 2623 a
471 2567 625 2638 Romanis,
638 2564 730 2640 adque
741 2567 831 2643 major
845 2574 874 2622 et
894 2565 1066 2624 terribilior:
1087 2567 1145 2624 dis-

170 2663 248 2704 sonae
272 2645 337 2718 illis,
360 2655 392 2702 ut
404 2645 535 2721 gentium
550 2645 704 2715 multarum
723 2643 954 2728 discrepantibus
967 2644 1084 2720 linguis,
1098 2663 1145 2705 vo·

156 2743 228 2784 ees.
250 2725 354 2801 Pugna
364 2725 501 2783 Romana
513 2724 633 2796 stabilis,
647 2733 676 2781 et
685 2742 742 2782 auo
755 2733 785 2781 et
803 2741 947 2781 armorum
962 2723 1087 2800 pondere
1101 2724 1145 2782 in·

169 2823 208 2863 cu
239 2803 370 2862 bantium
384 2804 414 2861 in
426 2805 554 2862 hostem:
576 2802 759 2861 concursatio
769 2812 799 2860 et
811 2801 948 2861 velocitas
961 2802 1041 2861 illinc
1055 2803 1145 2881 major
1249 2837 1251 2844 ‹

134 2903 160 2946 ae
169 2884 256 2960 quim
270 2903 321 2941 vrs.
362 2883 456 2960 igitur
478 2883 700 2960 primq,„impetu
720 2882 866 2958 externplo
878 2883 991 2941 morere
1004 2881 1068 2942 loco
1081 2883 1146 2943 hos·

170 2964 242 3021 tium
257 2963 350 3022 aciem
374 2962 522 3020 Romani:
544 2961 590 3030 ald
614 2961 721 3018 deinde
741 2971 772 3019 et
794 2961 968 3020 umbonibus
986 2962 1144 3039 pulsantes,
1170 3004 1174 3016 .

138 3101 139 3104 ,
170 3043 362 3120 ¹insubmotes
375 3042 466 3124 gradu
488 3040 576 3110 illato,
599 3040 777 3116 aliquantum
801 3041 896 3118 spatii,
918 3041 1088 3102 velutnullo
1101 3062 1145 3102 re·

5 3165 7 3172 >
38 3193 42 3200 ,
72 3124 76 3133 '
170 3121 300 3194 sistente,
325 3119 488 3192 incessere;
510 3121 680 3197 urgentibus
693 3131 723 3179 et
743 3121 906 3183 novissimis
927 3121 1043 3198 primos,
1057 3133 1089 3181 ut
1103 3141 1146 3182 se·

169 3201 227 3259 rnel
252 3212 357 3260 metam
382 3201 475 3260 aciem
497 3200 633 3270 sensere3
662 3200 738 3276 quod
762 3201 935 3277 ipsum'vim
959 3202 1146 3278 magnam'ad
1222 3231 1237 3254 «,

135 3279 336 3357 sepeliendum
360 3281 471 3339 hostem
493 3280 626 3338 addebat.
676 3279 764 3356 Apud
793 3281 899 3349 hostes,
922 3280 1076 3338 auxiliares
1099 3297 1146 3336 ee-

171 3360 274 3417 dentes
298 3359 427 3418 secunda
448 3359 536 3426 acies,
560 3358 626 3417 Asri
650 3369 680 3416 et
703 3356 968 3437 Carthaginienses,
992 3355 1066 3414 aded
1087 3375 1146 3414 non

171 3437 362 3508 sustinebant,
377 3447 412 3518 ut
429 3434 531 3495 contrd
544 3437 642 3506 etiam,
656 3455 694 3496 ne
714 3437 879 3496 resistentes
893 3434 1078 3515 pertinaciter
1091 3434 1147 3508 pri·

171 3537 234 3576 mos
248 3516 389 3576 cedendo
402 3517 438 3574 ad
451 3534 483 3574 se
499 3515 666 3592 perveniret
679 3515 778 3592 hostis,
792 3518 896 3594 pedem
910 3514 1058 3594 referrent.
1089 3511 1148 3586 Igi-

76 3633 82 3654 ·.
172 3608 218 3655 tur
232 3593 386 3654 auxiliares
398 3605 491 3672 ,terga
511 3595 582 3654 dant
602 3593 739 3672 repente:
760 3607 799 3670 et,
813 3597 844 3654 in
865 3613 932 3652 sues
945 3591 1029 3658 versi,
1043 3590 1148 3666 partim

135 3697 162 3738 4ο
172 3676 305 3754 refugere
318 3675 349 3735 in
363 3677 521 3735 secundam
536 3675 639 3744 aciem,
648 3673 752 3752 partim
765 3694 824 3734 non
837 3671 1011 3748 recipientes
1024 3669 1148 3742 cedere,

171 3756 214 3816 uti
228 3754 314 3834 pauld
337 3756 404 3814 ante
425 3773 484 3814 non
508 3755 609 3832 adjuti,
633 3765 664 3813 et
683 3765 755 3813 tunc
769 3751 890 3812 exclusi.
930 3749 970 3808 Et
982 3748 1069 3826 prope
1090 3748 1149 3810 due

170 3837 230 3915 jam
241 3837 384 3922 permixta
392 3836 494 3914 proelia
507 3843 600 3905 erant,
611 3853 701 3912 quum
712 3830 969 3916 Carthaginienses
980 3829 1065 3890 simul
1078 3846 1147 3890 curn
