2556 4314
481 254 588 310 LIBER
603 256 634 310 V.
652 269 715 309 car.
731 267 818 307 xavrr.
1087 255 1145 323 m

171 399 258 478 Vejos
284 399 452 459 contendit:
486 400 623 477 missique
651 401 780 460 Ardeam
800 398 888 476 legati
915 397 1142 467 edomitum,

171 479 258 556 Vejos
279 497 348 537 eum
371 480 550 554 perduxere:
572 499 624 538 seu
647 479 736 558 (quod
755 478 848 555 magis
861 479 978 536 credere
991 479 1070 552 libet,
1084 498 1143 538 uon

168 558 246 636 priris
270 558 431 635 profectum
456 559 494 616 ab
517 558 625 632 Ardea,
649 557 736 635 quam
759 557 900 634 comperit
919 558 1015 634 legem
1037 558 1142 628 latam3

168 639 245 714 qubd
259 656 317 696 nec
331 637 442 715 injussu
455 639 553 716 populi
567 639 672 697 mutari
684 638 791 697 finibus
804 646 910 714 posset,
928 656 995 704 nec,
1009 636 1065 694 nisi
1084 637 1144 696 dic·

146 727 243 776 stator
265 717 370 785 dictus,
394 717 522 793 auspicia
542 717 573 776 in
595 718 725 777 exercitu
748 716 871 797 habere)
890 715 939 774 lex
954 715 1065 775 curiata
1087 714 1146 774 lata

168 807 224 872 est,
238 796 416 873 dictatorque
429 797 534 854 absens
548 797 651 856 dictus.

208 953 336 1011 XLVII.
357 953 436 1012 Dum
450 955 514 1012 hec
537 954 620 1032 Vejis
643 953 813 1030 agebantur,
837 953 953 1011 interim
975 971 1027 1011 arx
1040 952 1145 1012 Rome

167 1031 398 1108 Capitoliumque
412 1034 442 1092 in
456 1033 568 1110 ingenti
586 1033 716 1109 periculo
739 1033 812 1091 fuit:
833 1051 958 1107 natuque
970 1032 1069 1100 Galli,
1092 1051 1144 1090 seu

166 1111 286 1187 vestigio
300 1113 398 1170 not'ato
411 1113 547 1181 humano,
562 1114 618 1188 qui
631 1113 750 1170 nuntius
764 1130 781 1169 a
804 1112 886 1189 Vejis
899 1122 1078 1188 pervenerat,
1093 1130 1145 1170 eeu

134 1192 221 1248 iosud
245 1201 345 1267 sponte
359 1191 558 1250 animadverso
582 1193 618 1250 ad
646 1191 812 1250 Carmentis
838 1209 972 1249 saxorum
999 1190 1144 1250 adscensu

166 1289 258 1345 aequo,
273 1281 359 1328 nocte
378 1271 524 1344 sublustri,
544 1290 634 1346 quum
655 1269 748 1347 primb
770 1271 921 1338 inermem,
946 1270 995 1345 qui
1018 1280 1143 1344 tentaret

165 1349 252 1418 viam,
267 1349 481 1426 praemisissent,
495 1351 642 1408 tradentes
655 1351 724 1408 inde
746 1369 835 1423 arma,
849 1349 899 1407 ubi
914 1349 983 1424 quid
998 1349 1089 1425 iniqui
1100 1368 1144 1408 es·

164 1439 221 1497 set,
247 1429 349 1486 alterni
373 1429 472 1502 innisi,
494 1429 732 1504 sublevantesque
746 1429 871 1487 invicem
885 1437 915 1487 et
927 1429 1075 1488 trahentes
1094 1429 1143 1488 alii
1237 1477 1241 1494 .

117 1537 120 1541 -
164 1507 251 1581 alios,
264 1518 350 1583 prout
363 1508 519 1584 postularet
532 1507 635 1576 locus3
656 1517 737 1565 tanto
750 1507 865 1565 silentio
878 1506 909 1564 in
920 1523 1064 1566 summum
1078 1527 1144 1566 eva·

133 1589 243 1654 restire,
258 1585 363 1644 utnon
377 1587 511 1644 custodes
531 1586 624 1644 solum
638 1586 779 1659 fallerent,
800 1587 850 1643 sed
864 1605 902 1643 ue
916 1603 1005 1642 canes
1017 1587 1145 1662 quidem,

164 1664 325 1723 sollicitum
338 1665 445 1723 animal
460 1666 496 1722 ad
509 1675 666 1722 nocturnos
680 1665 825 1742 strepitus,
840 1664 1009 1722 excitarent.
1050 1665 1145 1724 Anse-

163 1763 216 1802 res
241 1763 300 1801 non
322 1743 459 1818 fefellere,
479 1745 592 1819 quibus,
614 1745 705 1802 sacris
726 1743 846 1816 lunoni,
860 1743 891 1801 in
916 1746 1028 1800 summa
1049 1743 1147 1822 inopia

99 1868 105 1876 ,
163 1823 228 1882 cibi
241 1833 339 1881 tamen
364 1824 579 1881 abstinebatur:
599 1842 663 1899 quae
675 1842 721 1881 res
735 1823 819 1880 saluti
834 1823 907 1880 fuit:
929 1841 1053 1899 namque
1067 1823 1147 1882 clan-

164 1921 238 1980 gore
263 1921 362 1961 eorum
385 1902 550 1978 alarumque
572 1902 683 1978 crepitu
697 1902 810 1960 excitus
828 1901 871 1960 M.
886 1901 1024 1976 Manlius,
1039 1903 1087 1978 qui
1099 1903 1147 1961 tri·

130 1997 155 2037 ao
165 1982 258 2040 ennio
269 1981 336 2040 ante
348 1982 449 2040 consul
460 1981 562 2049 fuerat,
572 1983 613 2039 vir
626 1981 699 2040 bello
707 1981 852 2058 egregius,
864 1982 951 2040 armis
965 1982 1094 2058 arreptis,
1109 1982 1146 2040 si·

164 2062 230 2120 mul
245 2062 281 2119 ad
296 2079 375 2119 arma
388 2071 507 2119 caeteros
520 2060 611 2134 ciens,
625 2061 722 2118 vadit:
743 2071 782 2128 et,
797 2062 867 2118 dum
878 2061 976 2118 caetori
989 2062 1144 2138 trepidant,

164 2141 296 2209 Gallum,
310 2141 359 2216 qui
377 2141 437 2218 jam
461 2139 491 2197 in
513 2159 626 2198 summo
644 2140 821 2214 constiterat,
843 2141 969 2198 umbone
990 2139 1081 2199 ictum
1096 2142 1145 2198 de·

163 2220 272 2278 turbat.
314 2220 406 2296 Cujus
420 2238 504 2276 casus
517 2219 641 2296 prolapsi
661 2239 749 2295 quum
762 2219 908 2296 proximos
923 2230 1074 2293 sterneret,
1088 2230 1145 2278 tre·

81 2306 87 2318 ¹
163 2300 301 2376 pidantes
322 2299 403 2372 alios,
418 2299 559 2373 armisque
581 2299 694 2357 omissis
716 2317 797 2372 saxa,
821 2299 925 2375 quibus
947 2300 1143 2368 adhaerebant,

129 2401 155 2441 as
165 2379 302 2436 manibus
316 2379 471 2454 amplexos,
482 2378 616 2436 trucidat.
657 2376 781 2452 Jamque
794 2387 823 2435 et
836 2378 884 2435 alii
899 2378 1067 2454 congregati
1080 2378 1146 2436 telis

164 2458 381 2533 missilibusque
395 2457 471 2514 saxis
484 2456 650 2532 proturbare
665 2456 772 2524 hostes,
789 2456 926 2532 ruinaque
941 2467 1000 2515 tota
1013 2456 1146 2532 prolapsa

165 2538 247 2596 acies
261 2537 291 2594 in
305 2555 435 2614 praeceps
448 2535 563 2593 deferri.
606 2535 713 2592 Sedato
727 2534 833 2593 deinde
854 2535 988 2602 tumultu,
1003 2535 1145 2608 reliquum

165 2617 263 2676 noctis
278 2615 432 2694 (quantum
447 2615 477 2672 in
491 2613 612 2672 turbatis
625 2614 771 2671 mentibus
783 2623 903 2690 poterat,
920 2632 1007 2688 quum
1021 2614 1147 2689 praeteri·

148 2699 230 2755 ‘tum
245 2715 357 2773 quoque
381 2694 542 2772 perieulum
556 2692 735 2774 sollicitaret)
750 2693 839 2768 quieti
857 2694 956 2751 datum
970 2702 1022 2750 est.
1064 2693 1145 2752 Luce

130 2777 240 2849 scorti,
264 2775 372 2835 vocatis
395 2773 519 2832 classico
541 2774 577 2830 ad
599 2772 756 2830 concilium
784 2771 923 2830 militibus
947 2773 983 2830 ad
1004 2771 1145 2848 tribunos,

164 2875 258 2932 quum
273 2866 302 2913 et
315 2853 395 2912 recte
417 2864 447 2913 et
468 2871 620 2930 perperam
641 2851 718 2911 facto
730 2851 854 2929 pretium
869 2852 1039 2923 deberetur3
1061 2851 1145 2920 Man·

165 2935 227 2992 lius
240 2932 364 3009 primdm
378 2933 415 2991 ob
436 2932 568 2990 virtutem
582 2932 714 2990 laudatus
728 2933 916 3008 donatusque,
931 2951 991 2990 non
1005 2933 1043 2991 ab
1055 2934 1145 2993 tribu-

166 3013 217 3072 nis
231 3010 321 3069 solum
335 3012 467 3086 militum,
481 3013 532 3070 sed
547 3031 692 3072 consensu
706 3013 792 3070 etiam
806 3012 922 3070 militari
935 3033 941 3069 :
956 3012 1004 3071 cui
1019 3013 1144 3074 universi

167 3092 290 3150 selibras
304 3091 385 3150 farris
408 3103 437 3150 et
459 3092 618 3168 quartarios
641 3091 700 3158 vini
725 3092 761 3150 ad
776 3092 852 3150 aedes
870 3093 942 3170 ejus,
956 3112 1020 3168 quae
1033 3093 1064 3152 in
1078 3112 1145 3155 erce

131 3192 157 3234 ae
167 3163 479 3247 eiair'tss'eontulerunte
499 3190 561 3230 rem
576 3171 656 3229 dictu
668 3190 796 3248 parvam,
811 3173 945 3230 caeterdm
959 3171 1057 3251 inopia
1070 3175 1147 3234 fece·

168 3262 213 3311 rat
225 3272 290 3310 eam
305 3262 507 3329 argumentum
521 3251 625 3327 ingens
638 3251 775 3326 caritatis,
797 3269 895 3327 quum,
909 3271 940 3310 sc
954 3253 1074 3328 quisque
1087 3255 1146 3313 vic·

167 3342 200 3390 tu
215 3352 267 3391 suo
288 3331 435 3398 fraudans,
449 3332 609 3396 detractum
634 3332 745 3408 corpori
760 3341 845 3406 atque
860 3332 959 3389 usibus
973 3334 1144 3391 necessariis

168 3412 207 3469 ad
232 3413 370 3469 honorem
393 3410 480 3467 unius
500 3409 553 3467 viri
574 3411 725 3472 conferret.
767 3411 847 3469 Tum
871 3412 972 3488 vigiles
993 3412 1056 3488 ejus
1076 3411 1143 3483 loci,

90 3533 93 3540 .
167 3491 226 3566 qua
240 3488 381 3546 fefellerat
401 3489 582 3547 adscendens
595 3482 704 3564 bostis,
728 3489 824 3549 citati:
845 3497 879 3549 et'
898 3508 986 3566 quum
1000 3489 1031 3545 in
1044 3505 1145 3545 omnes

131 3589 157 3629 so
168 3587 250 3627 more
264 3567 380 3626 militari
401 3587 432 3626 se
454 3568 716 3628 animadversurum
730 3569 771 3632 Q.
787 3570 934 3645 Sulpicius
947 3566 1080 3622 tribunus
1093 3565 1145 3622 mi-

167 3648 252 3707 litum
266 3648 498 3726 pronuntiassem
520 3649 720 3708 consentiente
732 3649 857 3706 elamore
871 3645 995 3704 militum
1009 3641 1039 3698 in
1053 3660 1144 3700 unum

167 3727 284 3806 vigilem
299 3728 516 3820 conjiciendum
530 3730 656 3806 culpam,
679 3726 841 3794 deterritus,
862 3743 880 3782 a
893 3717 1006 3780 ceteris
1019 3719 1146 3781 abstinu-
