2556 4314
541 360 649 410 LIBER
665 359 739 410 XXI.
756 371 818 410 cer.
834 373 861 408 x.
1132 359 1186 417 171

215 515 277 564 erat
291 503 471 581 Saguntinis,
495 503 604 565 missile
617 503 716 576 telum,
730 503 826 560 hastili
840 502 973 578 abiegno,
987 513 1016 560 et
1029 513 1134 560 caetera
1144 511 1189 560 te·

215 587 281 654 reti,
296 597 484 662 preterquam
509 585 545 640 ad
567 595 739 656 extremum,
750 585 827 640 unde
850 575 956 639 fe‘r'fum
979 585 1125 640 exstabat:
1147 583 1188 651 id,

217 665 294 722 sicut
307 666 336 722 in
352 665 409 740 pilo
422 664 719 740 quadratum-stuppa
733 663 983 739 circumligabant,
1006 663 1189 736 linebantque

179 754 181 758 '
216 744 291 820 pice.
334 744 454 801 Ferrum
479 755 575 801 autem
597 754 654 800 tres
677 743 795 818 longum
821 743 945 799 habebat
966 743 1064 818 pedes,
1079 752 1110 798 ut
1123 751 1196 798 cum*
1256 805 1257 810 ἵ

193 824 305 880 tarmis
326 825 493 900 transfigere
515 843 618 899 corpus
639 833 743 898 posset.
786 823 845 879 Sed
870 823 899 879 id
923 822 1057 893 maxime,
1079 820 1191 878 etiamsi

218 903 347 960 haesisset
361 904 391 960 in
405 914 497 975 scuto,
512 905 567 959 nec
591 905 769 978 penetrisset
785 902 814 958 in
829 921 942 978 corpus,
957 920 1090 977 pavorem
1106 901 1192 956 sacie-

218 982 285 1052 bat;
307 981 383 1057 quod
407 1002 494 1057 quum
518 982 644 1038 medium
672 1000 829 1038 accensum
864 982 1034 1053 mitteretur,
1068 998 1193 1055 concep-

216 1070 333 1135 tumque
367 1062 429 1136 ipso
463 1072 541 1118 motu
571 1059 661 1117 multd
695 1062 832 1136 majorem
867 1061 965 1136 ignem
993 1060 1089 1132 ferret,
1114 1073 1194 1116 arma

213 1139 307 1199 omitti
330 1142 462 1218 cogebat,
494 1141 662 1216 nudumque
687 1140 808 1198 militem
840 1140 876 1197 ed
903 1140 1089 1214 insequentes
1117 1139 1193 1196 ictus

179 1218 368 1296 1opraebebat.

168 1399 171 1403 ·
256 1379 312 1437 ΙΧ.
333 1377 435 1442 Quum
460 1381 510 1440 diu
533 1388 643 1459 'anceps
667 1381 767 1441 fuisset
791 1393 949 1455 certamen,
968 1393 998 1440 et
1012 1381 1192 1458 Saguntinis,

214 1459 284 1533 quia
298 1471 400 1540 praeter
414 1481 494 1534 spem
508 1463 683 1532 resisterent,
697 1463 855 1519 crevissent
869 1463 957 1519 animi
969 1483 977 1531 3
993 1461 1110 1534 Poenus,
1125 1460 1194 1535 quie

214 1555 276 1594 non
299 1539 423 1605 vicisset,
446 1558 497 1614 pro
521 1540 597 1597 victo
615 1552 716 1608 esset,
738 1536 893 1597 clamoren]
917 1542 1034 1616 repente
1056 1537 1193 1617 oppidani

214 1617 331 1690 tollunt,
357 1619 523 1692 hostemque
548 1618 577 1676 iu
602 1619 701 1675 ruinas
714 1620 789 1675 muri
807 1621 969 1694 expellunt3
992 1621 1060 1676 inde
1075 1619 1194 1694 impedi·

179 1714 204 1754 15
215 1705 279 1752 tum
293 1697 540 1772 trepidantemque
554 1698 725 1767 exturbant3
747 1697 890 1773 postremo
904 1698 997 1754 susum
1008 1699 1194 1773 fugatumque

214 1774 248 1832 in
272 1787 367 1832 castra
388 1777 532 1854 redigunt.
574 1776 695 1834 Interim
710 1778 746 1832 ab
760 1777 858 1834 Roma
872 1777 981 1852 legatos
994 1777 1107 1834 venisse
1121 1795 1199 1844 num

213 1853 318 1911 tiatum
340 1866 400 1913 est:
422 1857 525 1930 quibus
551 1857 664 1913 obviam
687 1857 723 1912 ad
748 1876 827 1914 mare
850 1855 929 1912 missi
955 1857 991 1912 ab
1018 1856 1194 1930 Hannibale,

203 1933 265 2008 ,qui
279 1935 421 2001 dicerent,
436 1950 492 1994 nec
513 1935 575 1993 tutti
590 1955 640 1993 eos
655 1936 781 1994 adituros
794 1936 869 1992 inter
884 1945 924 1992 tot
938 1936 1193 1996 tamefferatarum

214 2013 346 2088 gentium
362 2033 460 2084 arma3
482 2033 538 2072 nec
563 2015 732 2088 Hannibali,
755 2016 785 2072 in
800 2025 881 2073 tanto
904 2015 1071 2072 discrimine
1086 2033 1193 2084 rerum,
1256 2063 1257 2066 ,

175 2111 311 2168 scopere
338 2113 401 2150 esse
426 2095 586 2170 legationes
613 2095 722 2151 audire.
764 2094 940 2170 Apparebat,
967 2114 1026 2151 non
1053 2095 1194 2152 admissos
1256 2153 1257 2162 ,

196 2172 346 2248 'protinus
368 2169 574 2249 Carthaginem
595 2174 703 2230 ituros:
735 2174 832 2230 literas
856 2174 943 2250 igitur
967 2174 1140 2249 nuntiosque
1155 2175 1192 2230 ad

214 2251 361 2327 principes
376 2253 508 2310 factionis
532 2253 664 2310 Barcinae
688 2253 844 2328 praemittit,
868 2264 899 2310 ut
913 2263 1105 2329 prepararent
1127 2272 1192 2310 suo-
1256 2321 1257 2326 ἵ

214 2349 279 2387 rum
304 2332 425 2400 animos,
447 2351 485 2388 ne
507 2333 576 2410 quid
599 2351 665 2410 pars
687 2333 777 2392 altera
797 2332 952 2417 gratificari
973 2351 1025 2410 pro
1049 2332 1192 2390 Romanis

216 2419 321 2483 posset.

179 2582 208 2624 25
256 2566 296 2624 X.
315 2567 430 2642 Itaque,
451 2579 645 2646 preterquam.
661 2570 736 2646 quod
760 2572 877 2630 admissi
899 2573 1045 2647 auditique
1067 2583 1143 2645 sunt,
1157 2590 1226 2636 eat,

215 2663 330 2720 quoque
345 2666 419 2704 vana
432 2661 516 2724 atque
531 2650 610 2708 irrita
623 2651 729 2726 legatio
743 2652 804 2708 fuit.
847 2652 955 2708 Hanno
969 2671 1054 2718 unus,
1074 2653 1193 2712 adverso

216 2738 330 2798 senatu,
345 2747 463 2785 causam
478 2729 603 2801 soederis,
618 2749 724 2806 magno
737 2730 852 2788 silentio
865 2742 979 2806 propter
993 2732 1192 2790 auctoritatem

216 2823 307 2873 suam,
323 2825 382 2863 non
397 2827 544 2865 assensum
570 2809 760 2877 audientium,
782 2810 860 2886 egit:
883 2809 969 2867 “Per
994 2811 1081 2879 Deos,
1104 2811 1192 2870 foede·

215 2887 308 2954 “rum
323 2887 443 2944 arbitros
457 2907 492 2945 ac
507 2890 775 2960 testes„m0nuisse,
789 2889 957 2964 praedixisse
972 2910 1013 2965 se,
1028 2910 1065 2947 ne
1080 2892 1192 2950 Hamil·

179 2979 207 3020 ³0
216 2971 236 3000 “
248 2965 324 3024 caris
337 2967 504 3042 progeniem
519 2968 554 3024 ad
569 2969 727 3026 exercitum
742 2969 907 3026 mitterent:
929 2989 987 3027 non
1001 2971 1118 3045 manes,
1132 2991 1192 3030 non

217 3043 362 3118 “stirpem
384 3046 447 3122 ejus
472 3046 678 3121 conquiescere
702 3047 754 3105 viri
766 3069 779 3118 3¹
797 3067 853 3106 nec
865 3066 1003 3125 unquam,
1018 3051 1112 3109 donec
1127 3071 1192 3109 san-

217 3121 344 3198 “guinis
370 3126 557 3202 nominisque,
576 3127 693 3184 Barcini
717 3128 867 3203 quisquam
895 3131 1025 3206 supersit,
1060 3131 1193 3207 quietura

216 3202 383 3262 “Romana
407 3206 524 3262 soedera.
576 3207 719 3264 Juvenem
744 3207 913 3284 flagrantem
934 3211 1071 3286 cupidine
1099 3211 1191 3287 regni,

217 3282 380 3357 “viamque
404 3305 492 3342 unam
518 3286 553 3342 ad
574 3286 602 3343 id
617 3297 796 3361 cernentem,
812 3289 845 3362 si,
860 3309 896 3346 ex
910 3289 993 3346 bellis
1008 3291 1082 3347 bella
1096 3309 1193 3346 seren-

182 3367 237 3432 es“
250 3360 297 3432 do,
311 3363 479 3420 succinctus
498 3365 584 3422 armis
605 3366 822 3442 legionibusque
844 3369 930 3442 vivat,
945 3370 1022 3426 velut
1042 3368 1192 3426 materiam

218 3437 311 3513 “igni
333 3441 502 3514 prebentes,
524 3444 561 3500 ad
584 3446 730 3503 exercitus
754 3447 890 3505 misistis:
912 3449 1022 3506 aluistis
1043 3467 1112 3520 ergo
1136 3449 1192 3505 hoc

220 3525 239 3554 ‘⁶
251 3517 431 3588 incendium,
446 3540 502 3595 quo
523 3542 602 3580 nunc
617 3525 750 3583 ardeatis.
785 3529 953 3604 *Saguntum
969 3526 1054 3582 vestri
1069 3525 1192 3582 circum-

140 3627 142 3631 ·
219 3603 239 3633 “
251 3596 346 3654 sident
359 3601 511 3674 exercitus,
526 3603 604 3660 unde
618 3617 752 3663 arcentur
766 3605 891 3664 soedere:
906 3624 973 3662 mox
986 3603 1193 3680 Carthaginem

219 3675 497 3738 “circumsidehunt
521 3682 663 3741 Romanae
687 3685 825 3761 legiones,
848 3685 972 3742 ducibus
996 3681 1098 3738 iisdem
1118 3683 1192 3752 Diis,

153 3821 156 3827 ¹
180 3773 207 3814 40
218 3758 237 3787 “
248 3775 300 3831 per
313 3775 383 3832 quos
405 3760 497 3834 priore
523 3763 598 3820 bello
611 3774 694 3840 rupta
708 3765 816 3821 foedera
830 3773 897 3820 sunt
910 3761 971 3818 ulti.
1013 3759 1114 3819 Utnim
1129 3764 1194 3820 hos·

217 3838 237 3868 “
249 3846 317 3906 tem,
338 3857 375 3896 an
398 3857 455 3914 vos,
480 3860 518 3900 en
553 3842 695 3906 fortunam
720 3842 867 3916 utriusque
889 3839 996 3916 populi,
1031 3840 1193 3917 ignoratisl
