2556 4314
153 326 211 386 180
409 392 441 409 ι,
554 324 626 376 mn
641 325 728 375 mvn

150 469 271 528 veniunt
282 490 290 526 z
311 468 441 528 “alienis
455 468 548 543 malis,
561 468 625 527 utili
633 468 773 545 exemplo,
785 468 915 541 doctos,”
928 483 1134 550 memorantes,

151 549 336 608 “amicitiam
362 549 458 617 malle,
482 549 568 625 quim
593 550 649 607 vim
670 549 795 624 experiri
821 549 998 608 Poenorum:
1031 553 1134 630 itaque

151 630 351 687 “obedienter
375 629 515 704 imperata
534 629 669 697 facturos,
683 640 880 687 commeatum
894 629 1063 707 itinerisque
1077 636 1134 694 du·

150 715 170 745 ‘⁶
182 727 242 781 ces,
256 719 286 766 et
306 710 343 766 ad
364 708 451 765 fidem
473 710 675 782 promissorum
700 710 815 764 obsides
829 709 1005 783 acciperet.''
1048 714 1132 772 Han-

149 785 228 845 nibal
242 806 298 845 uec
321 786 430 847 temere
450 787 608 858 credendo,
628 801 685 843 nec
699 788 911 862 adspernandc,
933 799 971 846 n'e
986 793 1131 866 repudiati
1153 809 1167 849 5

149 867 246 944 aperte
262 868 358 925 hostes
372 867 483 935 fierent,
499 865 626 942 benigue
640 885 728 941 quum
741 867 957 942 respondisset;
979 861 1131 932 obsidibus

148 965 220 1022 quos
241 947 359 1015 dabant,
379 946 516 1022 acceptis,
540 956 570 1002 et
583 956 757 1019 commeatu,
771 965 858 1020 quem
875 947 907 1004 in
921 947 998 1006 viam
1012 949 1068 1026 ipsi
1081 952 1133 1010 de·

74 1083 76 1088 ,
148 1027 283 1094 tulerant,
305 1045 393 1095 usus3
415 1026 597 1101 nequaquam
621 1036 652 1084 ut
666 1025 751 1083 inter
764 1037 891 1102 pacatos,
906 1047 970 1085 com
992 1032 1066 1104 ositc
1080 1050 1131 1108 ag-
1178 1082 1182 1091 ,

148 1105 237 1179 mine,
252 1107 341 1164 duces
364 1125 464 1163 eorum
487 1106 624 1180 sequitur.
665 1105 794 1164 Primum
817 1049 1082 1184 agmenfflessplranti
1098 1121 1130 1170 et

147 1185 258 1260 equites
281 1196 382 1243 erant:
403 1185 465 1262 ipse
485 1185 552 1261 post
574 1203 643 1242 cum
661 1186 763 1244 robore
777 1187 915 1262 peditum,
929 1188 1129 1266 circumspec·
1140 1206 1165 1246 ιο

147 1274 211 1322 tans
234 1265 429 1341 sollicitusque
452 1265 560 1332 omnia,
583 1265 747 1324 incedebat.
769 1267 847 1324 ·Ubi
873 1267 904 1324 in
928 1269 1128 1343 angustiorem

147 1343 222 1401 viam
235 1363 271 1402 ex
286 1356 366 1421 parte
376 1345 470 1403 alteri
484 1346 644 1422 subjectam
662 1346 733 1422 jugo
747 1346 865 1422 insuper
879 1347 1045 1406 imminenti
1059 1366 1128 1406 ven·

145 1432 207 1480 tum
221 1434 274 1496 est,
290 1425 416 1500 undique
430 1444 468 1482 ex
482 1425 595 1484 insidiis
610 1426 754 1483 barbaria
771 1426 875 1494 fronte,
890 1427 932 1483 ab
942 1436 1032 1503 tergo,
1047 1447 1127 1487 coor-

145 1502 177 1575 ti,
201 1505 344 1578 cominus,
368 1506 483 1563 eminus
506 1514 627 1581 petunt:
650 1524 718 1562 saxa
742 1505 875 1582 ingentia
891 1506 924 1564 in
949 1525 1055 1583 agmen
1077 1508 1127 1566 de·

144 1582 280 1640 volvunt:
303 1585 428 1642 maxima
450 1587 487 1642 ab
508 1595 590 1662 tergo
612 1585 655 1642 vis
679 1585 829 1643 hominum
851 1587 998 1662 urgebat..
1024 1586 1061 1644 In
1074 1605 1161 1646 costa

145 1679 227 1720 versa
247 1665 376 1739 peditum
400 1665 478 1722 acies
502 1666 579 1723 haud
603 1665 724 1722 dubium
748 1665 827 1738 fecit,
842 1667 923 1740 quin,
939 1666 994 1723 uisi
1013 1666 1142 1726 firmata

145 1757 273 1802 extrema
288 1746 411 1822 agminis
426 1746 556 1813 fuissent,
579 1745 683 1821 ingens
696 1745 727 1802 in
741 1763 777 1804 ec
790 1746 865 1803 saltu
879 1746 1052 1821 accipienda
1066 1747 1125 1804 cla·

145 1823 197 1881 des
211 1825 306 1884 fuerit.
347 1826 437 1884 Tunc
461 1844 572 1901 quoque
597 1826 634 1882 ad
658 1835 819 1882 extremum
842 1825 963 1901 periculi
983 1844 1018 1882 aa
1032 1845 1125 1902 prope

146 1904 306 1979 perniciem
321 1916 437 1964 ventum
451 1916 514 1963 est:
536 1925 614 1978 narn,
639 1905 708 1962 dum
733 1915 886 1963 cunctatur
909 1905 1059 1962 Hannibal
1074 1905 1126 1964 de·,

145 1983 259 2058 mittere
284 2004 388 2060 agmen
410 1986 440 2043 in
463 1985 627 2061 angustias;
649 1985 717 2058 quia
740 2003 809 2058 uon,
835 1995 866 2041 ut
889 1984 952 2060 ipse
976 1985 1159 2059 equitibusao

143 2063 277 2137 praesidio
290 2075 361 2136 erat,
385 2064 425 2120 ita
447 2065 602 2139 peditibus
613 2064 769 2139 quidquam
793 2065 829 2120 ab
843 2075 925 2140 tergo
938 2064 1038 2122 auxilii
1059 2065 1125 2122 reli·

143 2151 261 2216 querat3
282 2154 469 2200 occursantes
492 2162 542 2219 per
563 2143 679 2218 obliqua
702 2144 841 2211 montani,
865 2155 1002 2219 perrupto
1026 2145 1123 2203 medio

144 2221 270 2297 agmine,
285 2223 360 2280 viam
381 2223 513 2306 ingedere
528 2243 535 2280 ε
557 2242 672 2298 noxque
697 2243 756 2282 una
769 2223 928 2282 Hannibali
942 2225 1006 2281 sine
1020 2223 1124 2300 equiti·

145 2299 199 2358 bus
213 2311 298 2377 atque
312 2303 525 2381 impedimentis
540 2313 606 2360 acta
619 2313 671 2362 est.

182 2460 314 2521 XXXV.
336 2460 455 2521 Postero
468 2462 524 2532 die,
537 2462 597 2539 jam
611 2461 727 2539 segnius
747 2461 1009 2539 intercursantibus
1022 2455 1159 2520 barba-'aa

141 2541 190 2611 ris,
216 2542 325 2620 junctae
350 2543 451 2620 copiae,
476 2543 621 2618 saltusque
646 2543 724 2599 haud
739 2543 802 2600 sine
830 2543 914 2602 clade
932 2542 1054 2620 (majore
1080 2551 1141 2610 tar

141 2639 209 2680 men
240 2623 446 2700 jumentorum,
477 2622 563 2698 quam
592 2623 751 2689 hominum,
776 2623 922 2701 pernicie)
950 2632 1120 2698 superatus:

120 2773 124 2782 ι
140 2701 209 2760 inde
223 2703 352 2760 montani
374 2703 524 2779 pauciores
540 2703 610 2779 jam,
633 2717 663 2760 et
676 2702 821 2759 latrocinii
846 2703 939 2779 magis
952 2702 1038 2777 quim
1053 2701 1121 2760 belli

140 2799 230 2848 more,
245 2784 474 2853 concursabant3
496 2782 581 2840 modd
595 2783 625 2839 in
638 2782 773 2858 primum,
785 2781 873 2840 modd
887 2783 918 2840 in
931 2780 1122 2840 novissimum

141 2877 256 2934 agmen,
281 2871 437 2937 utcumque
449 2872 511 2922 xaut
532 2863 613 2920 locus
626 2862 869 2938 opportunitatem
888 2863 978 2928 daret,
994 2871 1043 2917 aut
1056 2879 1155 2936 pro-ao

140 2939 231 3014 gressi
255 2941 393 2998 morative
417 2942 542 3016 aliquam
563 2943 748 3001 occasionem
762 2941 909 2999 fecissent.
952 2940 1119 3016 Elephanti,

140 3018 216 3076 sicut
238 3020 401 3095 praecipites
425 3040 475 3096 per
498 3032 592 3079 arctas
605 3022 665 3080 vias
678 3021 786 3097 magud
799 3025 879 3080 mora
894 3021 1065 3097 agebantur,
1079 3020 1121 3078 ita
1205 3079 1208 3084 ,
1262 3083 1263 3096 ¹

139 3106 233 3156 tutum
256 3099 293 3156 ab
318 3099 457 3168 hostibus,
480 3102 662 3176 qudcumque
685 3102 866 3168 incederent,
894 3099 977 3177 (quia
998 3098 1120 3157 insuetis

138 3178 266 3236 adeundi
287 3179 405 3256 propitia
428 3191 523 3238 metus
536 3182 612 3259 erat)
628 3197 733 3257 agmen
748 3181 923 3256 praebebant.
965 3178 1057 3236 Nono
1068 3179 1119 3236 die

137 3257 169 3318 in
187 3257 290 3336 jugum
314 3259 434 3335 Alpium
458 3270 628 3336 perventum
647 3271 700 3331 est,
714 3279 765 3335 per
779 3259 857 3318 invia
869 3259 1016 3334 pleraque,
1031 3268 1062 3316 et
1076 3277 1155 3322 ter-³5

137 3357 226 3408 rores,
241 3359 312 3414 quos
326 3350 375 3397 aut
389 3340 558 3398 ducentium
573 3339 661 3412 fraus,
683 3351 742 3413 aut,
756 3340 807 3398 ubi
821 3339 893 3396 fides
907 3338 943 3395 iis
956 3357 1017 3395 non
1031 3347 1118 3406 esset,

137 3419 245 3478 temere
261 3420 339 3477 initae
360 3420 448 3477 valles
471 3418 734 3494 aconjectautibus
754 3419 817 3491 iter,
833 3418 989 3476 faciebant.
1031 3417 1120 3490 Bidu7

136 3519 187 3558 um
213 3499 244 3558 in
263 3499 333 3577 jugo
347 3499 449 3556 stativa
472 3483 759 3573 habita'i‘lessisque
773 3499 872 3556 labore
897 3517 932 3554 ac
960 3496 1120 3573 pugnando

135 3579 217 3656 quies
239 3580 307 3637 data
330 3577 488 3635 militibusr
507 3575 694 3651 jumentaque
719 3578 836 3652 aliquot,
857 3596 923 3652 quae
936 3577 1070 3661 pppolapsa
1087 3575 1120 3633 in

134 3659 254 3735 rupibus
268 3667 359 3724 erant,
381 3655 529 3728 sequendo
552 3654 672 3730 vestigia
696 3657 820 3732 agminis
843 3657 875 3714 in
900 3665 996 3714 castra
1021 3672 1157 3730 parve-40

134 3738 213 3794 nere.
255 3735 354 3792 Fossis
366 3733 453 3791 taedio
466 3742 508 3791 tot
521 3732 661 3790 malorum
675 3734 750 3793 nivis
766 3737 853 3794 etiam
868 3755 965 3804 casus
980 3734 1120 3792 occiden-

134 3823 164 3871 te
182 3813 242 3889 jam
256 3814 350 3872 sidere
363 3811 568 3890 Vergiliarum,
582 3808 732 3890 ingentem
746 3825 886 3874 terrorem
900 3815 1017 3894 adjecit
1060 3813 1118 3874 Per
