2520 4310
176 461 232 520 XI.
251 461 371 521 Postero
384 461 432 520 die
445 472 640 538 transgressus
650 461 796 520 Anienem
810 461 957 520 Hannibal
971 461 1001 520 in
1015 463 1107 522 aciem

137 558 238 599 omnes
259 541 357 618 copias
380 540 499 598 eduxit:
520 558 576 598 nec
600 540 725 599 Flaccus
749 539 938 615 consulesque
962 551 1108 600 certamen

135 619 342 677 detrectavere.
384 617 536 677 Instructis
548 618 689 694 utrimque
700 617 917 698 exercitibus-in
931 619 993 695 ejus
1005 637 1109 696 pugna

137 715 249 765 casum,
263 697 292 754 in
307 697 364 773 quai
377 699 446 757 urbs
469 697 567 755 Roma
582 697 686 755 victori
699 697 849 772 praemium
863 708 949 770 esset,
963 695 1055 755 imber
1068 697 1111 755 in·

69 779 73 785 ’
116 771 216 852 ng'effi
236 777 376 852 grandine
401 777 508 834 mixtus
532 775 573 833 ita
596 785 744 851 utramque
766 776 859 834 aciem
873 775 1006 848 turbavit,
1020 785 1052 833 ut
1064 773 1112 833 vix

138 854 227 911 armis
240 855 358 912 retentis
381 855 411 912 in
435 864 528 912 castra
550 872 613 912 sese
622 854 798 930 receperint,
813 854 921 912 nullius
932 855 975 912 rei
989 853 1110 922 minore,

138 933 225 1006 quam
240 933 373 1000 hostiurn,
397 944 485 990 metu.
527 933 566 990 Et
588 943 701 1008 postero
723 933 771 989 die
785 933 887 990 eodem
901 933 966 990 loco
979 932 1057 990 acies
1070 932 1113 990 in-

98 1057 101 1063 .
138 1019 263 1068 structas
284 1012 384 1068 eadem
409 1020 564 1086 tempestas
585 1011 719 1068 diremit:
754 1010 803 1067 ubi
826 1011 1006 1085 recepissent
1028 1011 1111 1068 sein

139 1097 242 1155 castra,
257 1089 330 1146 mira
343 1089 482 1146 serenitas
496 1107 563 1145 curn
587 1088 790 1164 tranquillitate
804 1089 957 1146 oriebatur.
999 1089 1034 1146 In
1049 1088 1113 1146 reli·

444 319 551 370 LIBER
566 317 663 370 xxvl.
681 333 744 370 oar».
760 334 800 369 ιι.
1048 323 1114 383 215

105 1179 128 1219 ιο
138 1166 255 1242 gionenr
269 1185 304 1223 ea
317 1186 363 1224 res
376 1168 452 1241 apud
467 1166 572 1224 Poenos
585 1184 666 1223 versa
679 1177 723 1224 est
737 1187 744 1223 ε
766 1166 919 1242 auditaque
933 1185 988 1225 vox
1001 1167 1113 1224 Hanni·

139 1244 211 1301 balis
225 1244 324 1318 fertur,
346 1250 364 1276 ‘¹
376 1245 527 1302 Patiundae
542 1244 596 1302 sibi
610 1244 689 1302 urbis
703 1245 806 1302 Romae
817 1245 901 1303 modd
913 1255 1040 1302 mentem
1053 1263 1111 1302 non
1136 1223 1185 1306 k)

139 1331 158 1360 ‘¹
171 1323 245 1395 dari,
258 1323 343 1380 modo
357 1323 530 1387 fortunam.''
572 1322 706 1380 Minudre
719 1324 807 1381 etiarn
822 1343 907 1399 spem
922 1324 984 1400 ejus
997 1334 1027 1380 et
1040 1323 1113 1390 aliae,

138 1419 227 1476 parva
240 1417 412 1475 magnaque,
433 1419 498 1457 res-z
519 1419 626 1476 magna
648 1401 706 1473 illa,
720 1401 806 1475 qnod,
820 1421 907 1476 quum
919 1402 979 1477 ipse
994 1401 1030 1459 ad
1044 1420 1114 1458 moe·

140 1479 191 1536 nia
204 1478 284 1535 urbis
297 1478 400 1536 Romae
415 1488 541 1535 armatus
555 1479 677 1556 sederet,
695 1479 800 1535 milites
814 1481 866 1535 sub
880 1480 990 1537 vexillis
1004 1481 1034 1538 in
1048 1499 1115 1556 sup·

106 1557 320 1632 replementum
335 1556 485 1631 Hispaniae
507 1556 650 1631 profectos
672 1556 798 1612 audivit:
819 1575 905 1630 parva
918 1567 1024 1625 autem,
1038 1557 1114 1633 qudd

139 1654 192 1710 per
206 1654 257 1693 eos
271 1635 333 1692 dies
354 1655 422 1692 eum
441 1635 515 1692 sorte
539 1651 651 1710 agrum,
673 1633 704 1691 in
728 1653 784 1708 quo
804 1633 865 1708 ipse
880 1646 974 1691 castra
986 1635 1114 1702 haberet,

141 1715 266 1782 venisse,
280 1713 353 1771 nihil
376 1714 414 1771 ob
435 1713 466 1770 id
489 1713 638 1770 deminuto
661 1712 762 1787 pretio,
782 1712 929 1787 cognitum
944 1731 980 1768 ex
993 1713 1116 1787 quodam

141 1792 257 1867 captivo
270 1803 322 1849 est.
365 1791 399 1849 Id
415 1791 481 1849 verb
495 1790 568 1849 aded
583 1791 738 1866 superbum
752 1801 837 1865 atque
848 1790 1000 1866 indignum
1014 1790 1116 1864 visum,

142 1871 206 1946 ejus
220 1871 283 1943 soli,
297 1871 373 1945 quod
397 1871 459 1945 ipse
481 1870 556 1928 bello
569 1879 685 1946 captum
705 1869 864 1944 possideret
877 1869 1060 1944 haberetque,
1075 1869 1118 1927 in·

106 1967 132 2008 ao
142 1959 262 2010 uentum
277 1949 381 2006 Romae
394 1960 572 2024 emptorem
594 1959 634 2015 ut,
649 1948 792 2024 extemplo
809 1958 908 2005 vocato
921 1965 1063 2022 precone,
1078 1957 1119 2004 ta-

142 2027 250 2084 bernas
264 2028 449 2103 argentarias,
464 2047 527 2102 quae
541 2027 621 2084 circa
642 2025 733 2084 forum
747 2027 914 2084 Romanum
928 2036 998 2083 tunc
1012 2036 1117 2096 essent,

140 2106 260 2181 jusserit
274 2106 380 2164 venire.
423 2106 478 2163 His
502 2116 595 2163 motus
619 2105 655 2162 ad
670 2105 790 2163 Tutiam
804 2105 922 2162 fluvium
935 2115 1029 2163 castra
1043 2114 1119 2162 retu·

142 2184 185 2252 lit,
201 2203 254 2263 sen
276 2185 367 2242 millia
389 2203 526 2260 passuum
550 2185 587 2240 ab
610 2183 708 2242 Urbe:
730 2184 849 2241 indeed
870 2184 969 2240 lucum
986 2182 1119 2240 Feroniae

141 2263 237 2339 pergit
251 2263 303 2331 ire,
317 2264 455 2339 templum
466 2263 502 2320 eri
515 2273 684 2338 tempestate
698 2263 839 2338 inclytum
853 2262 967 2320 divitiis.
990 2261 1121 2337 Capena·

10 2361 11 2366 ¹
108 2357 134 2398 m
142 2351 187 2400 tes
198 2341 287 2414 aliqui
296 2342 402 2398 accolae
413 2342 476 2416 ejus
486 2351 585 2409 erant3
599 2341 739 2416 primitias
750 2342 865 2416 frugum
876 2340 912 2397 eo
921 2341 1053 2415 donaque
1064 2340 1121 2397 alia

141 2437 196 2494 pro
210 2418 296 2492 copii'
306 2429 461 2492 portantes,
470 2419 561 2474 multo
572 2435 641 2474 auro
652 2427 827 2492 argentoque
842 2419 871 2474 id
886 2429 1056 2478 exornatum
1071 2419 1121 2474 ha-

143 2495 263 2566 bebant.
305 2494 362 2552 His
385 2495 519 2552 omnibus
542 2495 625 2555 donis
638 2505 700 2551 tum
714 2495 865 2568 spoliatum
879 2496 1035 2569 templum:
1057 2496 1121 2552 aeris

143 2573 253 2645 acervi,
268 2583 355 2648 quum
378 2573 483 2629 rudera
505 2572 611 2629 milites
621 2571 760 2646 religione
774 2572 886 2629 inducti
904 2573 1044 2647 jacerent,
1059 2583 1122 2647 post

143 2651 354 2728 profectionem
364 2649 548 2716 Hannibalis,
556 2649 652 2726 magni
664 2649 782 2707 inventi.
797 2649 894 2725 Hujus
901 2648 1046 2724 populatio
1052 2660 1122 2707 tern-

110 2747 136 2787 ιο
144 2731 185 2808 pli
195 2730 274 2787 haud
284 2730 372 2787 dubia
383 2729 458 2787 inter
471 2728 624 2804 scriptores
637 2737 690 2785 est.
732 2727 852 2800 Coelius,
864 2726 990 2785 Romam
1003 2738 1120 2798 euntem

111 2834 113 2838 ·
145 2810 182 2866 ab
197 2807 288 2867 Ereto
311 2807 459 2865 divertisse
479 2805 515 2864 ed
537 2804 742 2877 Hannibalem,
764 2806 865 2863 tradit:
887 2806 996 2880 iterque
1010 2807 1072 2882 ejus
1085 2808 1121 2864 ab

145 2887 255 2954 Reate,
279 2886 463 2960 Cutiliisque,
489 2895 518 2942 et
532 2885 568 2942 ab
589 2885 742 2943 Amiterno
761 2885 889 2942 orditur:
910 2884 947 2942 eri
960 2883 1122 2961 Campania

145 2967 177 3024 in
194 2965 357 3032 Samnium,
372 2965 442 3022 inde
465 2964 495 3020 in
518 2963 654 3040 Pelignos
667 2963 852 3039 pervenisse3
873 2975 1030 3039 preterque
1044 2965 1123 3041 oppi-

146 3046 219 3103 dum
242 3035 412 3101 Sulmonem
435 3043 465 3100 in
491 3042 673 3100 Marrucinos
709 3044 843 3100 transisse
855 3061 862 3111 ;
895 3043 963 3099 inde
1000 3042 1122 3102 Albensi
1171 3117 1172 3120 Ἴ

112 3139 138 3180 at
147 3142 218 3200 agro
232 3122 262 3181 in
277 3121 400 3195 Marsos,
414 3121 484 3178 hinc
497 3121 692 3194 Amiternum,
703 3120 880 3196 Forulosque
892 3121 988 3180 vicum
1000 3122 1122 3180 venisse.
1182 3173 1190 3184 .

146 3201 254 3276 Neque
269 3201 308 3258 ibi
322 3221 400 3260 error
423 3210 478 3268 est,
492 3199 569 3276 qndd
593 3199 665 3258 tanti
685 3200 830 3258 exercitiis
844 3200 965 3277 vestigia
977 3200 1052 3278 intra
1065 3212 1123 3259 tam

147 3280 245 3338 brevis
260 3280 311 3336 aevi
325 3281 493 3338 memoriam
506 3279 652 3354 potuerint
664 3279 804 3336 confundi
816 3299 826 3354 :y
845 3279 902 3336 isse
916 3279 995 3337 enim
1008 3280 1042 3336 eei
1056 3297 1125 3335 oon·

147 3369 215 3417 stat.
257 3355 388 3415 Tantum
411 3359 442 3415 id
461 3357 590 3430 interest,
611 3357 759 3416 veneritne
782 3376 818 3416 eo
832 3356 934 3417 itinere
955 3357 991 3415 ad
1005 3356 1124 3430 Urbem,

149 3455 188 3496 an
203 3435 241 3493 ab
254 3434 333 3495 Urbe
346 3435 377 3492 in
391 3435 582 3512 Campaniam
602 3434 727 3495 redierit.
736 3457 840 3610 R
