2556 4314
129 297 168 358 ιι
329 379 331 384 ¹
532 262 707 354 nr‘rmvn

128 443 258 519 quietum
282 444 410 501 animum
424 443 598 506 stimulante.
640 441 725 499 Tulit
735 440 815 500 enim
829 447 867 497 et
876 437 1013 499 Romana
1025 443 1108 520 regia

129 524 247 581 sceleris
260 523 363 598 tragici
386 523 560 598 exemplum,
574 532 606 578 ut
619 519 706 578 taedio
729 538 831 596 regum
844 519 981 578 maturior
992 525 1107 582 renuet

128 601 264 672 libertas;
293 602 482 676 ultimumque
506 617 630 676 regnum
653 609 738 672 esset,
760 596 849 674 quod
857 599 968 656 scelere
991 612 1106 674 parturn

129 682 216 741 foret.
263 681 323 738 Hic
336 681 371 738 L
385 679 564 754 Tarquinius
587 677 693 756 (Prisci
707 677 861 752 Tarquinii
875 677 952 754 regis
965 677 1042 735 filius
1056 699 1107 738 ne·

127 779 218 836 posue
245 760 341 832 suerit,
364 777 466 835 parum
499 758 611 833 liquet3
642 757 773 834 pluribus
803 767 901 814 tamen
929 759 1105 832 auctoribus,
1127 759 1158 814 ι’Ἦ

127 839 220 900 filum
227 839 398 929 ediderim)
421 837 538 895 fratrem
563 836 703 892 habuerat
727 837 871 893 Aruntem
898 834 1121 912 Tarquinium·

128 919 206 977 mitis
227 917 340 993 ingenii
361 917 508 992 juvenem.
550 914 606 972 His
630 915 753 986 duobus,
779 924 809 970 ut
833 915 900 972 ante
924 915 1103 986 dictumest,

127 998 192 1055 dure
207 997 323 1068 Tulliae,
337 995 414 1070 regis
438 994 514 1061 filiae,
537 1003 706 1069 nupserant,
728 1003 757 1050 et
778 993 847 1068 ipsae
871 993 956 1069 longe
975 995 1104 1084 dispares

127 1077 263 1136 moribus.
305 1042 392 1132 F'orre
413 1073 454 1130 ita
467 1072 618 1146 inciderat,
633 1091 670 1129 ne
684 1072 743 1130 duo
764 1071 919 1130 violenta
911 1073 1031 1148 ingenia
1044 1085 1104 1132 rna-

127 1155 262 1213 trimonio
272 1155 474 1230 jungerentur,
499 1151 622 1223 fortuna,
647 1152 745 1223 credo,
769 1151 867 1240 populi
892 1150 1030 1226 Romani,
1045 1152 1138 1228 qubm

127 1234 291 1292 diuturnius
305 1231 398 1290 Servii
420 1250 543 1307 regnum
557 1240 633 1287 esset
635 1230 852 1305 ,constituique
867 1230 991 1288 civitatis
1009 1249 1103 1289 mores

125 1323 251 1388 possent.
293 1311 465 1386 Augebatur
480 1309 559 1367 ferox
572 1307 681 1376 Tullia,
697 1309 769 1366 nihil
791 1309 919 1366 materiae
933 1309 964 1365 in
978 1309 1039 1367 viro
1052 1329 1103 1368 ne·

126 1410 182 1467 que
196 1392 233 1449 ad
257 1391 446 1466 cupiditatem
469 1391 563 1462 neque
585 1389 622 1444 ad
645 1387 798 1444 audaciam
812 1406 895 1456 esse;
916 1389 1019 1446 totuin
1033 1390 1103 1446 alte-

125 1490 190 1528 rum
204 1489 287 1527 versa
297 1468 501 1543 Tarquinium,
512 1485 580 1524 eum
594 1467 688 1523 virum
699 1467 807 1538 dicere,
817 1485 852 1523 ac
866 1467 946 1543 regio
960 1468 1102 1542 sanguine

125 1559 237 1607 ortum:
259 1566 394 1624 spernere
409 1565 545 1618 sororem,
566 1543 643 1619 quod
665 1545 757 1602 virum
780 1555 876 1618 nacta,
892 1546 1024 1602 muliebri
1038 1566 1103 1605 ces·
1113 1551 1137 1590 ¹⁵

64 1641 66 1648 ⁴
126 1639 202 1685 saret
215 1628 345 1685 audacia.
387 1625 541 1683 Contrahit
553 1623 685 1681 celeriter
696 1623 853 1680 similitudo
866 1643 925 1696 eos,
940 1635 972 1681 ut
986 1623 1045 1681 fere
1060 1626 1101 1699 fit,

126 1706 234 1764 malum
258 1707 334 1763 malo
355 1705 552 1780 aptissimum:
582 1704 633 1758 sed
657 1703 773 1760 initium
798 1670 947 1760 turbandi
960 1705 1058 1761 omnia
1085 1723 1102 1762 a

126 1785 244 1842 foemina
257 1795 352 1843 ortum
367 1794 419 1841 est.
462 1783 516 1854 Ea,
536 1781 656 1840 secretis
679 1780 732 1837 viri
757 1781 844 1838 alieni
869 1782 1031 1839 assuefacta
1045 1801 1102 1840 ser-

125 1865 270 1936 monibus,
284 1863 370 1920 nullis
394 1862 546 1919 verborum
570 1860 755 1917 contumeliis
778 1878 907 1934 parcere,
930 1861 966 1917 de
980 1860 1040 1917 viro
1063 1863 1101 1918 ad

125 1942 252 2010 fratrem,
267 1943 303 1998 de
318 1959 413 2000 sorore
428 1941 463 1996 ad
489 1940 601 2006 virum3
622 1949 652 1996 et
665 1957 696 1995 se
706 1937 813 1996 rectids
834 1939 960 2010 viduam,
974 1949 1003 1995 et
1017 1939 1137 1996 illumao
1228 1948 1233 1955 ’

125 2020 260 2077 coelibem
274 2019 401 2076 futurum
427 2018 514 2075 fuisse
537 2018 724 2089 contendere,
738 2036 824 2092 quam
838 2033 906 2074 curn
920 2017 1022 2092 impari
1034 2013 1100 2094 jun·

124 2100 165 2175 gi,
179 2110 211 2157 ut
223 2098 491 2173 elanguescendum
516 2097 641 2153 aliena'
634 2097 748 2185 ignavia
772 2106 856 2152 esset.
900 2097 932 2152 Si
951 2097 1006 2153 sibi
1020 2115 1097 2165 eum,

123 2197 181 2252 qno
194 2178 283 2254 digna
304 2187 389 2244 esset,
405 2176 454 2232 Dii
479 2176 627 2232 dedissent
651 2175 754 2247 virum,
777 2174 854 2232 domi
879 2191 915 2232 se
930 2177 1097 2251 propediem

125 2257 250 2314 visuram
264 2275 386 2330 regnum
398 2255 498 2323 fuisse,
513 2254 589 2343 quod
604 2255 680 2328 apud
693 2221 804 2329 pedem
819 2254 922 2311 videat.
956 2255 1098 2312 Celeriter

124 2336 340 2393 adolescentem
354 2353 414 2391 suae
428 2332 597 2390 temeritatis
611 2333 719 2407 implet.
762 2332 862 2389 Aruns
876 2333 1055 2408 Tarquinius
1069 2344 1098 2391 et
1107 2355 1134 2394 ιι

122 2412 223 2473 Tullia
250 2413 343 2472 minor
373 2410 462 2488 prope
496 2412 673 2469 continuatis
705 2411 855 2469 funeribus
881 2430 970 2486 quum
997 2414 1097 2470 domos

123 2511 228 2551 vacuas
242 2511 316 2550 novo
329 2491 510 2548 matrimonio
531 2490 678 2563 fecissent,
690 2491 851 2566 junguntur
872 2491 989 2566 nuptiis,
1004 2492 1097 2567 magis

122 2591 181 2630 non
194 2571 365 2648 prohibente
380 2570 489 2643 Servio,
503 2589 589 2644 qnam
604 2571 789 2646 approbante.
835 2553 869 2640 'J‘

60 2747 68 2762 ι
160 2729 287 2790 XLVII.
310 2729 389 2786 Tum
413 2727 480 2785 verb
503 2728 610 2786 indies
631 2727 762 2784 infestior
786 2725 879 2784 Tullii
893 2738 1038 2793 senectus,
1054 2727 1097 2783 in-

121 2808 221 2867 festius
239 2808 326 2882 coepit
344 2825 466 2883 regnum
489 2825 571 2863 esse:
591 2807 650 2885 J'am
674 2805 753 2861 enirn
775 2805 811 2860 ab
832 2803 942 2860 scelere
957 2805 993 2860 ad
1017 2806 1096 2862 ahud
1106 2813 1132 2852 30

120 2897 250 2975 spectare
265 2886 368 2942 mulier
389 2886 501 2954 scelus;
524 2904 580 2941 nec
594 2893 689 2954 nocte,
704 2901 760 2939 nec
778 2883 822 2938 int
811 2881 944 2938 terdiu
919 2900 1011 2938 virum
1026 2901 1096 2940 con-

119 2965 439 3110 allegantium
455 2963 608 3131 ιΞΞΞΞῗ.
621 2961 776 3106 latta
792 2959 1132 3116 ΞΞΞΞΞΞΞΞἋΞΞΞΞΞΞΓΞ
1111 3061 1125 3124 :0

120 3133 180 3180 “ta
202 3123 344 3181 serviret.
373 3121 509 3187 defuisse,
530 3121 579 3193 qui
593 3137 625 3174 se
645 3136 735 3193 regno
756 3119 878 3194 dignum
892 3130 1024 3193 putaret:
1045 3113 1131 3204 qui&

84 3205 87 3210 ’
120 3202 338 3275 “meminisset
352 3219 384 3258 se
397 3218 460 3257 esse
474 3197 567 3254 Prisci
580 3197 734 3270 Tarquinii
757 3196 871 3266 filinm3
903 3197 952 3270 qui
977 3193 1124 3283 habere,

120 3279 238 3355 “quam
259 3299 384 3356 sperare,
408 3295 530 3365 regnum
554 3275 660 3333 mallet.
702 3275 735 3333 si
757 3285 790 3333 tu
816 3275 841 3333 is
854 3274 896 3343 es,
911 3275 960 3332 cui
974 3245 1124 3372 nuptard'j>
1111 3311 1124 3336 ι

118 3361 137 3392 “
149 3377 212 3416 esse
236 3377 282 3414 me
304 3358 433 3452 arbitror,
457 3366 488 3412 et
500 3354 592 3412 virum
616 3364 645 3411 ct
657 3373 757 3450 regem
776 3354 905 3450 appello:
926 3354 971 3412 sin
981 3355 1130 3454 minua}

119 3434 186 3494 “ed
210 3453 291 3494 nunc
314 3435 397 3512 pejus
420 3442 532 3492 mutata
552 3443 597 3491 est
619 3453 675 3507 res,
696 3431 772 3509 quod
796 3434 862 3492 istic
886 3451 954 3492 curn
979 3419 1129 3510 ignavi&

118 3521 194 3574 “est
217 3514 321 3571 scelus.
360 3514 444 3575 Quin
458 3513 643 3590 accingerisl
666 3480 740 3572 'Non
754 3513 806 3572 tibi
820 3515 857 3572 ab
871 3513 1022 3587 Corintho,
1036 3533 1094 3572 nec

119 3605 138 3634 ‘⁸
151 3595 188 3653 ab
209 3591 388 3667 Tarquiniis,
410 3593 528 3667 utpatri
551 3603 611 3665 tuo,
635 3593 788 3670 peregrina
810 3611 902 3684 regna
925 3593 1018 3651 moliri
1042 3606 1129 3672 tre-4⁰
1195 3643 1198 3652 .

119 3679 233 3732 “cesse
246 3681 298 3730 est.
340 3670 390 3729 Dii
413 3682 442 3728 tc
456 3671 581 3730 Penates
600 3672 752 3748 patriique,
768 3681 798 3730 et
820 3673 909 3750 patris
932 3672 1038 3749 imago,
1062 3681 1092 3728 et

120 3753 253 3813 “domus
273 3749 363 3853 regia,
385 3760 414 3810 et
427 3749 457 3809 in
476 3749 562 3814 domo
575 3751 672 3830 regalo
696 3751 808 3826 solium,
833 3762 863 3812 et
886 3769 993 3814 nomen
1016 3749 1092 3807 Tar-
