2556 4314
15 365 17 382 ·
95 349 153 411 110
427 386 429 390 -
477 319 562 403 'nn
579 351 666 410 nrvn

93 501 112 531 ‘⁴
124 493 233 553 simus:
254 507 320 568 nec,
333 513 384 552 vos
399 494 469 572 (nisi
483 494 513 554 in
527 493 734 553 contumeliam
746 492 993 570 ignominiamque
1004 512 1069 556 nos·

92 581 196 632 “tram
210 584 321 634 certare
339 574 433 653 juvat)
454 575 531 650 quod
545 573 738 647 contendatis,
752 572 909 649 quidquam
923 583 975 631 est.

11 789 12 796 ,
130 733 167 792 V.
190 737 209 767 ‘¹
219 733 364 810 Denique,
375 734 472 794 utrum
485 734 604 793 tandem
617 734 715 810 populi
728 732 868 802 Romani,
878 751 916 792 an
930 743 1070 809 vestrum,

10 849 11 868 t
91 817 265 871 “summum
289 814 443 890 imperium
467 817 534 872 estl
576 814 710 890 Regibus
733 814 853 888 exactis,
877 813 973 872 utrum
987 815 1068 873 vobis

10 887 11 896 ’
90 895 109 923 “
117 892 286 962 dominatio,
301 912 338 951 an
361 894 497 952 omnibus
519 911 601 968 aequa
613 893 731 950 libertas
744 902 825 969 parta
839 895 904 950 esti
946 893 1070 970 Oportet
1089 905 1103 945 5

9 963 10 998 l
90 977 109 1008 ‘⁴
120 971 209 1030 licere
222 973 328 1050 populo
341 974 486 1046 Romano,
501 973 525 1030 si
540 973 618 1047 velit,
630 973 733 1049 jubere
746 971 843 1049 legem
855 973 867 1028 l
883 989 930 1040 an,
946 983 979 1030 ut
992 991 1069 1048 qure-

8 1081 9 1084 ¹
89 1059 109 1088 “
120 1069 177 1125 quc
188 1053 297 1128 rogatio
310 1052 490 1128 promulgata
502 1052 567 1120 erit,
582 1071 632 1111 vos
645 1051 791 1109 delectum
805 1070 856 1127 pro
869 1053 954 1127 poenal
969 1051 1068 1110 decer·

89 1130 193 1187 “netis
205 1133 217 1187 l
239 1141 278 1204 et,
292 1131 377 1189 simul
392 1150 447 1208 ego
461 1131 594 1189 tribunus
607 1148 711 1189 vocare
724 1131 817 1187 tribus
842 1129 873 1187 in
898 1131 1065 1207 suffragium

7 1207 8 1216 ’
89 1211 108 1242 “
118 1225 242 1284 crepero,
257 1220 289 1268 tu
303 1210 399 1268 statim
413 1210 515 1269 consul
529 1219 711 1266 sacramento
721 1209 852 1285 juniores
866 1209 976 1286 adiges,
991 1210 1065 1268 etin

89 1296 214 1346 “castra
235 1290 365 1346 educesl
402 1299 432 1346 et
456 1288 613 1346 minaberis
633 1287 721 1362 plebi,
744 1287 902 1346 minaberis
925 1282 1103 1348 tribunolro

6 1389 9 1398 ’
87 1369 106 1398 “
114 1364 207 1436 Quid,
222 1366 246 1424 si
260 1387 329 1440 non,
344 1366 483 1443 quantum
505 1367 567 1424 istae
581 1365 668 1424 minae
682 1366 820 1424 adversus
834 1366 929 1441 plebis
944 1386 1067 1426 consen·

88 1448 105 1476 ‘⁶
118 1462 182 1502 sum
196 1446 334 1519 valerent,
348 1445 393 1503 bis
410 1445 471 1521 jam
492 1445 603 1520 experti
624 1445 747 1502 essetis?
791 1445 921 1514 Scilicet,
936 1447 1004 1522 quia
1017 1465 1069 1505 uo·
1115 1521 1117 1524 Ι

88 1527 107 1555 “
118 1524 162 1582 bis
176 1524 338 1583 consultum
362 1523 510 1592 volebatis,
526 1523 685 1581 certamine
710 1523 912 1582 abstinuistis?
944 1543 981 1581 an
1001 1526 1067 1584 ideo

88 1605 108 1634 “
119 1619 177 1661 non
192 1614 236 1661 est
250 1603 429 1670 dimicatum¹
444 1601 532 1677 qubd,
546 1621 610 1678 quae
623 1619 691 1678 pars
704 1601 822 1670 firmior,
837 1603 940 1660 eadem
954 1603 1067 1661 modes-

3 1735 5 1740 ,
88 1681 172 1740 “tior
197 1682 275 1740 suita
294 1718 298 1720 -
317 1679 392 1741 Nec¹
407 1700 488 1739 nunc
509 1682 564 1739 erit
582 1691 743 1749 certamen,
767 1680 920 1743 Quirites:
955 1682 1067 1740 animos
1077 1694 1104 1734 1⁵

2 1787 3 1822 ξ
86 1769 224 1819 “vestros
239 1760 280 1818 illi
293 1761 448 1819 tentabunt
461 1779 585 1837 semper,
599 1761 674 1818 vires
701 1777 760 1819 non
776 1760 968 1836 experientur.
1010 1761 1067 1818 Ita·

87 1845 171 1914 “que
185 1841 221 1898 ad
236 1841 312 1898 bella
325 1841 389 1915 ista,
404 1859 456 1898 seu
470 1840 541 1897 falsa
561 1857 613 1897 seu
627 1856 695 1896 vera
716 1849 792 1911 sunt,
807 1839 950 1906 consules,
964 1850 1066 1914 parata

87 1919 198 1976 “vobis
219 1920 319 1995 plebes
341 1929 394 1992 est,
409 1920 443 1987 si,
458 1919 614 1977 connubiis
627 1918 758 1986 redditis,
773 1927 861 1975 unam
875 1918 951 1974 hanc
965 1917 1064 1975 civita-

87 2006 176 2054 “tem
197 1999 315 2056 tandem
339 1998 433 2056 facitis
445 2017 452 2067 ;
483 1997 507 2055 si
529 1998 704 2066 coalescere,
731 1997 756 2054 si
774 1996 857 2073 jungi
889 1996 1064 2072 miscerique

86 2085 105 2112 ‘⁸
118 2075 199 2134 vobis
219 2075 336 2151 privatis
359 2075 623 2134 necessitudinibus
643 2085 764 2153 possunt
773 2095 780 2146 ;
803 2075 827 2136 si
841 2080 916 2152 spes,
930 2075 955 2132 si
970 2075 1102 2134 adituseu

86 2155 153 2213 “ad
168 2155 291 2214 honores
304 2155 375 2214 viris
387 2157 512 2214 strenuis
525 2166 555 2214 et
568 2157 688 2215 sortibus
702 2156 804 2224 datur3
826 2154 850 2212 si
865 2156 896 2212 in
910 2153 1064 2229 consortio,

86 2232 187 2290 “siin
210 2235 347 2292 societate
371 2236 537 2312 reipublicae
559 2255 633 2308 esse,
655 2235 690 2304 si,
712 2235 789 2310 quod
811 2253 899 2308 aequae
924 2234 1064 2292 libertatis

86 2316 105 2343 “
117 2323 170 2380 est,
186 2313 312 2371 invicem
325 2315 430 2372 annuis
454 2315 668 2391 magistratibus
682 2332 783 2390 parere
797 2323 883 2388 atque
897 2313 1063 2388 imperitare

86 2400 106 2428 ‘⁸
116 2389 193 2449 licet.
236 2393 268 2450 Si
292 2394 355 2450 haec
377 2394 515 2470 impediet
529 2394 641 2470 aliquis,
656 2393 727 2451 ferte
742 2392 933 2460 sermonibus,
948 2401 978 2449 et
991 2391 1064 2449 mul·

86 2475 104 2504 ‘¹
116 2471 243 2547 tiplicatc
266 2471 343 2530 fama
356 2473 451 2543 bella3
472 2492 559 2531 nemo
577 2483 621 2530 est
641 2491 748 2531 nornen
770 2472 899 2540 daturus,
914 2490 1001 2528 nemo
1022 2480 1140 2529 ar·25‘‡·

87 2559 166 2608 “ma
190 2561 336 2627 capturus,
361 2571 447 2611 nemo
473 2552 663 2610 dimicaturus
689 2569 742 2627 pro
769 2550 900 2625 superbis
928 2549 1063 2624 dominis,

86 2633 182 2688 “oum
208 2631 313 2706 quibus
337 2650 393 2689 nec
409 2631 440 2689 in
464 2650 495 2689 re
519 2630 637 2708 publici
650 2631 803 2703 bonorum,
827 2647 885 2687 nec
909 2629 940 2688 in
953 2629 1064 2706 privati

85 2711 255 2794 “connubii
269 2711 393 2769 societas
406 2712 477 2768 est.”
499 2707 534 2791 N,

125 2866 178 2925 VI.
198 2866 302 2928 Quum
315 2868 345 2924 in
360 2867 531 2925 concionem
546 2878 575 2925 et
588 2866 724 2925 consules
744 2866 959 2942 processissent,
974 2875 1003 2922 et
1016 2884 1063 2922 res

87 2946 262 3021 aperpetuis
283 2945 460 3020 orationibus
484 2947 514 3004 in
535 2947 752 3005 altercationem
772 2946 922 3014 vertisset3
944 2943 1102 3003 interro-so
1162 2951 1166 2954 ’

87 3025 167 3101 ganti
179 3024 304 3097 tribuno,
320 3029 339 3056 “
351 3025 557 3101 curplebejunr
568 3025 718 3084 consulem
726 3025 789 3083 fieri
800 3044 859 3083 non
867 3033 1011 3100 oporteret
1022 3024 1033 3081 l
1046 3023 1063 3051 ’'

88 3113 119 3160 ut
143 3103 261 3161 fortasse
275 3103 351 3170 vere,
373 3104 416 3160 sic
429 3122 531 3179 parum
545 3104 653 3162 utiliter
672 3103 704 3161 in
717 3123 845 3180 praesens
858 3119 1007 3161 certarnen
1020 3122 1064 3162 re-

86 3182 211 3258 spondit,
228 3192 247 3218 ‘⁴
258 3180 335 3258 quod
346 3201 432 3241 uerno
439 3183 569 3260 plebejus
583 3183 713 3260 auspicia
726 3183 861 3253 haberet3
883 3183 1006 3257 ideoque
1018 3183 1067 3240 de-

90 3267 107 3294 “
118 3261 259 3320 cemviros
272 3262 451 3320 connubium
466 3263 626 3336 diremisse,
640 3281 678 3320 ne
700 3263 812 3321 incerta
835 3261 914 3338 prole
936 3262 1066 3338 auspicia

88 3343 108 3374 “
118 3340 332 3399 turbarentur.”
373 3341 477 3400 Plebes
491 3343 528 3399 ad
542 3342 571 3399 id
586 3341 710 3399 maxime
724 3342 925 3420 indignatione
949 3342 1066 3416 exarsit,
1077 3365 1103 3406 35

86 3419 163 3496 qudd
177 3420 330 3496 auspicari,
351 3432 497 3497 tamquam
511 3420 597 3478 invisi
611 3420 675 3480 Diis
690 3421 908 3490 immortalibus,
923 3439 1066 3498 negaren-

87 3513 248 3578 turpasse:
270 3519 327 3558 nec
351 3499 419 3558 ante
444 3500 510 3558 finis
531 3499 751 3558 contentionum
776 3501 830 3559 fuit
845 3499 949 3580 (quum
973 3511 1002 3558 et
1016 3499 1066 3558 tri·
1095 3527 1099 3536 ·

86 3583 198 3640 bunum
212 3581 385 3638 acerrimum
400 3589 546 3636 auctorem
563 3579 662 3654 plebes
675 3591 762 3639 nacta
776 3591 863 3654 esset,
877 3590 907 3638 et
921 3581 983 3656 ipsa
997 3599 1066 3638 cum

87 3679 123 3720 eo
144 3659 306 3737 pertinacia
329 3661 477 3737 certaret),
502 3656 587 3732 quim
608 3658 678 3716 victi
702 3661 820 3718 tandem
842 3661 952 3728 Patres
975 3670 1008 3717 ut
1028 3661 1065 3717 de

88 3739 235 3796 connubio
259 3737 389 3809 ferretur,
414 3737 605 3794 consensere:
636 3738 677 3796 ita
691 3738 817 3798 marrim&
833 3739 889 3798 rati
904 3738 1066 3798 contentio-
1077 3763 1103 3801 ro

87 3834 156 3874 nem
169 3816 205 3872 de
226 3815 347 3892 plebejis
370 3815 537 3874 consulibus
558 3816 688 3876 tribunos
707 3828 756 3876 aut
769 3829 859 3878 totam
873 3818 1065 3894 deposituros,
