2556 4314
86 332 126 395 64
489 332 663 386 mururvn

86 483 106 514 “
116 491 173 551 que
196 475 344 535 recidisse.
393 473 591 553 Nunquamne
604 479 704 556 ergo,'’
716 478 830 556 iuquit,
845 487 865 516 ‘⁸
876 477 936 538 ulla
957 480 1064 542 adeda

86 557 106 586 ‘⁴
118 554 198 614 vobis
212 565 341 632 spectata
361 555 450 614 virtus
462 557 526 630 erit,
554 567 586 616 ut
608 557 773 635 suspicione
794 558 893 618 violari
914 565 1061 636 nequeat!

86 635 105 666 “
116 629 181 712 Ego
194 652 250 707 me,
264 634 344 693 illum
357 635 531 694 acerrimum
541 655 644 714 regum
654 637 776 706 hostem,
787 637 882 715 ipsum
895 639 1064 715 cupiditatis
1117 635 1119 640 ’

84 714 104 744 “
114 713 198 798 regui
222 713 333 772 crimen
356 715 518 774 subiturum
539 716 693 775 timerent
734 717 808 794 Ego,
823 718 848 776 si
861 717 892 776 in
905 717 971 795 ipsd
994 737 1062 780 arce

83 791 314 869 “Capitolioque
338 794 506 868 habitarem,
527 795 618 854 metui
639 813 686 853 me
700 797 849 854 crederem
862 815 947 874 posse
961 815 980 856 a
993 799 1062 859 civi·
1081 805 1095 845 ⁵

82 870 167 929 “bus
180 873 276 930 meist
311 882 371 930 tam
391 874 448 932 levi
460 886 609 932 momento
628 891 694 932 mea
712 875 793 952 'epud
814 894 864 935 vos
888 876 965 936 fama
991 897 1061 955 pen·

82 957 102 985 “
111 949 184 1008 deti
226 949 351 1010 Adedne
365 962 410 1011 est
423 952 543 1011 fundata
565 953 666 1012 leviter
677 953 760 1029 fides,
773 966 815 1029 ut,
829 955 880 1014 ubi
894 955 960 1030 sim,
972 959 1060 1033 quim

82 1030 101 1060 “
112 1028 162 1104 qui
175 1028 240 1099 sim,
264 1030 357 1107 magis
380 1031 510 1090 referat?
550 1031 620 1091 Non
640 1033 797 1092 obstabunt
809 1034 842 1096 Ρ.
857 1035 967 1094 Vulerii
981 1037 1060 1096 edes

80 1108 101 1140 ‘¹
111 1106 236 1166 libertati
250 1119 361 1184 vestrae,
375 1109 527 1180 Quiritem
547 1121 610 1170 tuta
622 1111 678 1170 erit
690 1113 771 1171 vobis
783 1112 878 1172 Velia.
919 1113 1057 1175 Deferam

2 1197 4 1286 q
79 1187 169 1244 “non
183 1187 214 1244 in
235 1187 356 1263 planum
377 1188 463 1247 modd
477 1190 565 1264 aedes,
578 1190 630 1248 sed
644 1190 711 1249 colli
728 1191 816 1250 etiam
830 1192 1004 1269 subjiciam:
1026 1198 1092 1255 ut¹⁰

1 1292 3 1332 t
80 1271 100 1302 ‘¹
112 1281 162 1323 vos
175 1284 263 1342 supra
273 1278 440 1344 suspectum
461 1288 508 1328 me
522 1269 615 1328 civem
629 1267 774 1328 habitetis.
818 1270 855 1329 In
869 1272 955 1332 velis
969 1274 1057 1333 aedifi-

78 1351 98 1379 “
110 1353 188 1412 cent,
203 1345 308 1420 quibus
333 1347 448 1421 melitis,
471 1345 559 1423 quim
573 1348 605 1406 P.
624 1349 753 1424 Valerio,
767 1349 896 1411 creditur
908 1341 1056 1412 libertas.²'

2 1433 3 1440 ¹
78 1419 185 1480 Deleta
198 1423 350 1482 confestim
364 1426 484 1484 materie
503 1427 598 1485 omnis
612 1427 687 1486 infre
700 1427 815 1486 Veliam
827 1449 836 1500 3
856 1441 896 1500 et,
911 1431 961 1492 ubi
974 1451 1055 1493 nuuc

77 1498 234 1578 Vicaepotae
248 1513 301 1572 est,
316 1503 465 1564 demusin
480 1505 580 1565 infimo
593 1506 669 1566 clivo
683 1506 835 1567 edificata.
864 1557 865 1562 ,

14 1688 20 1699 ·
115 1658 202 1728 VIII.
224 1659 306 1720 Late
316 1661 423 1722 deinde
434 1663 524 1740 leges,
536 1681 595 1723 non
609 1663 778 1742 solumque
791 1668 875 1744 regni
889 1668 1054 1746 suspicione
1064 1681 1089 1723 1⁵

74 1739 225 1798 consulem
236 1740 426 1812 absolverent,
436 1743 487 1802 sed
500 1762 565 1821 que
579 1742 652 1802 aded
666 1745 697 1803 in
708 1747 886 1806 contrarium
898 1759 1053 1824 verterent,

73 1827 106 1876 ut
118 1819 287 1896 popularem
310 1821 399 1880 etiam
423 1821 569 1882 lacerent:
592 1823 662 1882 inde
675 1843 839 1902 cognomen
853 1826 962 1885 factum
975 1827 1053 1886 Pub·

70 1896 163 1956 licolae
176 1910 229 1958 est.
270 1901 351 1976 Ante
375 1920 487 1971 omnes,
502 1903 540 1960 de
561 1904 769 1980 provocatione
790 1905 930 1976 adversus
944 1906 1052 1984 magis-

69 1985 161 2035 tratus
175 1979 212 2036 ad
225 1981 373 2056 populum,
388 1981 586 2057 sacrandoque
610 2001 679 2042 cum
703 1984 787 2044 bonis
808 1984 904 2061 capite
917 1984 983 2063 ejus
999 1986 1049 2062 qui

71 2056 155 2140 regni
165 2059 330 2138 occupandi
343 2060 465 2120 consilia
478 2059 588 2131 inisset,
602 2074 692 2144 gratae
705 2063 736 2122 in
750 2063 853 2141 vulgus
865 2063 947 2142 leges
960 2063 1087 2146 litere?

2 2213 5 2220 Ι
75 2181 201 2198 .....
223 2138 298 2200 Hec
325 2151 389 2217 post
415 2150 532 2200 exactos
558 2161 642 2222 reges
668 2142 747 2202 domi
774 2143 942 2220 militiaeque
968 2155 1080 2222 gestau

71 2220 264 2358 pr{m⁰f³¹¹¹.¹⁰·
307 2220 382 2280 Inde
405 2220 439 2279 P.
454 2220 589 2283 Valerius
613 2222 728 2294 iterum,
751 2221 789 2282 Τ.
805 2223 970 2298 Lucretius,
982 2206 1086 2296 con-3

72 2317 106 2359 su
118 2318 150 2359 es
176 2311 242 2360 acti.

111 2460 166 2521 IX.
189 2459 256 2520 Jam
279 2461 433 2543 Tarquinii
458 2461 634 2529 adLartem
656 2461 824 2531 Personam,
839 2461 992 2522 Clusinum
1004 2475 1078 2520 re-.*

71 2560 148 2620 gem,
163 2542 366 2620 perfugerant:
388 2542 438 2615 ibi,
453 2542 603 2601 miscendo
617 2541 771 2600 consilium
785 2559 953 2618 precesque,
968 2559 1047 2599 nunc
1063 2530 1079 2575 9

71 2623 202 2697 orabant,
218 2627 283 2680 “ne
298 2640 339 2690 se,
360 2622 498 2681 oriundos
521 2639 558 2679 ex
571 2619 714 2690 Etruscis,
740 2621 872 2698 ejusdem
896 2583 1084 2698 sanguinis}⁴

71 2709 91 2738 “
103 2702 295 2778 nominisque,
308 2711 429 2778 egentes
443 2701 575 2759 exsulare
589 2710 737 2776 pateretur
747 2701 781 2756 :’'
795 2719 876 2758 nunc
891 2700 1049 2758 monebant
1066 2761 1068 2764 ,

70 2780 169 2854 etiam,
186 2790 205 2818 “
217 2799 255 2838 ne
268 2781 410 2838 orientem
424 2799 533 2838 morem
546 2779 673 2857 pellendi
694 2797 778 2855 reges
791 2779 915 2836 inultum
930 2779 1048 2836 sineret.

71 2869 91 2898 “
102 2860 180 2918 Satis
192 2859 354 2917 libertatem
367 2859 460 2936 ipsam
474 2860 581 2918 habere
591 2857 764 2917 dulcedinis.
806 2854 883 2924 Nisi,
898 2856 1006 2932 quanta
1020 2855 1047 2915 vi

72 2948 91 2978 ‘⁴
101 2939 232 2998 civitates
246 2957 311 2998 eam
323 2949 470 3016 expetant,
481 2939 562 2998 tenti
572 2956 663 3016 regna
675 2954 759 3014 reges
772 2935 940 3004 defendant,
955 2952 1049 3011 equa·
1058 2945 1085 2986 ω

72 3029 98 3076 ⁴⁶.
104 3019 128 3077 ri
143 3037 256 3078 summa
269 3017 395 3076 infimis:
417 3018 489 3076 nihil
503 3019 661 3086 excelsum,
676 3016 758 3089 nihil,
772 3015 850 3092 quod
864 3033 951 3091 supra
963 3025 1050 3074 caete-

72 3107 92 3136 “
104 3118 136 3157 ra
148 3098 284 3170 emineat,
300 3097 330 3156 in
355 3097 520 3156 civitatibus
540 3096 615 3159 fere·
652 3096 766 3155 Adesse
779 3095 869 3154 finem
882 3094 991 3172 regnis,
1006 3095 1050 3154 rei

72 3179 187 3236 “iuter
208 3178 288 3236 Deos
314 3177 503 3252 hominesque
534 3173 766 3254 pulcherrimae.”
820 3173 959 3242 Porsena,
987 3183 1049 3232 tum
1146 3227 1153 3240 ,

72 3276 171 3336 regem
195 3275 259 3315 esse
280 3256 393 3328 Romae,
419 3268 481 3314 tum
508 3255 640 3314 Etruscae
663 3255 760 3332 gentis
782 3262 893 3332 regem,
921 3253 1049 3330 amplum

71 3337 181 3396 Tuscis
195 3346 284 3404 retus,
300 3335 427 3394 Romam
441 3335 545 3394 infesto
563 3335 695 3393 exercitu
708 3333 795 3393 venit.
836 3332 907 3392 Non
920 3347 1048 3410 unquam
1057 3339 1085 3382 ³⁵

71 3417 143 3476 alies
167 3415 235 3474 antd
259 3425 357 3475 tantus
378 3425 469 3474 terror
491 3424 624 3473 senatum
645 3413 768 3472 invasit:
799 3410 873 3472 aded
893 3411 1049 3470 validams

18 3545 33 3558 .
69 3507 132 3555 tum
146 3495 269 3555 Clusina
292 3506 362 3568 erat,
377 3512 573 3571 magnumque
595 3493 730 3552 Porsenae
744 3510 860 3552 nomen.
903 3490 970 3552 Nec
984 3490 1049 3549 hos-

69 3588 114 3635 tes
141 3574 226 3634 modo
249 3575 400 3642 timebant,
423 3573 475 3631 sed
503 3581 630 3630 suosmet
655 3571 709 3647 ipsi
733 3572 821 3645 cives,
846 3590 885 3634 ne
912 3569 1050 3633 Romana

69 3655 160 3724 nlebs,
184 3665 264 3713 metu
286 3653 427 3731 perculsa,
449 3649 575 3727 'receptis
593 3651 624 3730 in
646 3650 748 3709 urbem
769 3650 898 3727 regibus,
920 3649 965 3707 vel
980 3666 1048 3706 oum

70 3735 206 3792 servitute
227 3751 331 3810 pacem
353 3731 506 3806 acciperet.
548 3728 643 3788 Multa
657 3729 745 3806 igitur
758 3729 958 3787 blandimenta
970 3725 1048 3803 plebi
1058 3733 1086 3776 4⁰

69 3829 120 3891 per
133 3811 163 3870 id
177 3822 292 3888 tempus
313 3810 349 3870 eb
371 3820 474 3871 senatu
486 3809 572 3870 date=
595 3826 718 3870 annone
732 3808 875 3886 imprimis
886 3808 985 3896 habite
998 3823 1049 3868 cu·
