2520 4310
509 293 618 345 LIBER
630 293 690 346 XL.
706 305 769 344 car.
786 308 847 343 vrrs.
945 323 964 336 -
1102 290 1163 348 267

188 438 357 496 “tutatus’'
398 437 500 501 Quum
523 455 659 516 pavorem
681 437 804 497 mixtum
828 435 1016 496 admiratione
1033 435 1107 512 patri
1120 434 1163 492 in·

186 517 314 594 jecisset,
343 523 363 552 ‘⁴
372 518 473 596 Atqui,
497 519 522 576 si
541 537 626 577 aures
646 519 774 595 praebere
787 517 897 594 potes,’'
919 515 1022 591 inquit,
1043 513 1164 572 “mani-

190 596 321 656 “festam
341 617 405 657 rem
428 609 537 667 teneas,
553 598 685 658 faciam.¹’
729 608 748 636 ‘⁶
760 597 917 656 Enimvero
940 597 999 667 se,''
1016 593 1163 670 Philippus

189 675 330 752 dicere„“
341 678 506 738 anditurrnn
515 698 522 750 ;
531 681 548 708 ”
563 679 717 754 vocarique
727 678 870 754 externplo
878 674 1060 734 Demetrium
1066 673 1164 750 jussit:

165 766 218 814 tet
231 759 361 818 seniores
381 759 454 818 duos
474 759 593 832 amicos,
607 768 738 836 expertes
752 755 837 816 int'er‘
849 757 949 816 fratres
962 754 1166 822 certaminum,

188 836 386 914 infrequentes
396 839 456 916 jam
477 840 508 898 in
530 839 621 916 regit,
645 839 853 914 Lysimachum
873 847 903 895 et
916 835 1109 894 Onomastum
1123 849 1167 889 ar·

187 916 288 988 cessit,
302 937 374 994 quos
387 921 418 978 in
432 919 554 978 consilio
567 920 694 978 haberet
737 918 816 976 Dum
831 917 953 975 veniunt
966 915 1063 982 amici,
1078 913 1166 986 solus,

188 993 248 1054 filio
261 999 362 1074 procul
385 1009 489 1067 stante,
514 999 605 1056 multa
625 1017 725 1056 secum
740 999 837 1075 animo
851 997 992 1064 volutans,
1008 993 1168 1052 inambula-

187 1075 247 1132 vit:
266 1088 416 1153 postquam
431 1079 543 1136 venisse
557 1097 607 1136 eos
620 1079 785 1136 nuntiatum
799 1088 851 1150 est,
870 1075 990 1135 secessit
1003 1075 1035 1132 in
1056 1084 1167 1150 partem

152 1167 176 1206 1⁰
186 1153 353 1214 interiorem
377 1175 445 1216 eum
470 1158 584 1216 duobus
607 1158 721 1225 amicis,
742 1158 862 1216 totidem
884 1153 1054 1216 custodibus
1067 1171 1167 1230 corpo·

185 1235 242 1292 ris:
263 1235 340 1304 filiis,
355 1246 387 1294 nt
408 1247 506 1295 ternos
525 1233 652 1295 inermes
665 1256 765 1295 secum
786 1237 1013 1302 introducerent,
1026 1231 1166 1310 permisit.

130 1363 131 1367 ,
186 1311 233 1369 Ibi
257 1333 347 1389 quum
371 1315 567 1372 consedisset:
590 1325 609 1352 ‘⁶
622 1316 749 1382 Sedeo‚'’
763 1316 866 1390 inquit,
889 1314 1100 1373 “miserrimus
1119 1330 1169 1388 pa-

186 1401 269 1464 “ter,
296 1393 386 1472 juder
418 1394 493 1450 inter
520 1394 594 1452 duos
618 1393 700 1465 tilros,
728 1405 926 1454 decimatorem
953 1387 1109 1470 parricidii,
1138 1401 1168 1449 et

186 1479 206 1508 “
217 1491 322 1542 reum;
345 1482 395 1529 aut
408 1471 526 1556 wjfissll
536 1475 590 1530 'aut
603 1472 721 1531 admissi
735 1473 865 1531 criminis
885 1474 981 1532 labem
996 1473 1072 1549 apud
1087 1487 1167 1530 meos

152 1560 205 1604 15“
218 1551 402 1610 inventurus.
443 1551 510 1610 Jam
533 1551 645 1628 pridem
669 1551 787 1628 quidem
808 1553 885 1610 hauc
906 1552 1059 1628 procellam
1074 1551 1168 1610 immi·

186 1641 205 1668 “
217 1641 341 1689 nentem
355 1631 502 1703 timebam,
516 1650 605 1706 quum
620 1631 714 1690 vultus
728 1631 804 1691 inter
820 1651 868 1690 vos
891 1629 1012 1688 minime
1027 1630 1168 1688 fraternos

184 1714 205 1743 “
216 1729 383 1780 cernerem,
407 1729 496 1786 quum
519 1721 606 1770 voces
628 1712 768 1787 quasdam
789 1711 966 1770 exaudirem.
1001 1710 1067 1786 ¹Sed
1081 1710 1172 1768 inter-

185 1799 205 1828 “
217 1791 292 1849 dum
306 1809 372 1868 spes
386 1791 515 1849 animum
530 1791 654 1864 subibat,
675 1791 835 1872 deflagrare
849 1791 907 1848 iras
920 1800 1036 1861 vestras,
1050 1789 1168 1866 purgari

80 1911 82 1917 ι
185 1870 409 1947 “suspiciones,
443 1885 547 1948 posse:
569 1871 656 1928 etiam
683 1872 789 1942 hostes,
817 1871 904 1931 armis
929 1869 1039 1946 positis,
1075 1869 1168 1926 soedus

148 1961 175 2003 ao
186 1952 205 1982 “
216 1950 317 2024 icisse,
332 1961 362 2009 et
383 1951 509 2026 privatas
522 1950 676 2009 multorum
698 1951 857 2008 simultates
870 1950 985 2008 finitas:
1007 1949 1167 2008 subituram

185 2033 205 2062 ‘⁸
216 2029 302 2088 vobis
315 2030 468 2106 aliquando
481 2029 679 2107 germanitatis
692 2030 871 2104 memoriam,
891 2029 1009 2106 puerilis
1022 2029 1168 2105 quondam

186 2108 411 2185 “simplicitatis
432 2110 706 2186 oonsrrffiudinisque
730 2110 805 2168 inter
823 2129 882 2182 vos,
896 2114 1027 2168 meorum
1041 2109 1168 2185 denique

186 2197 206 2225 ‘⁴
216 2199 449 2266 praceptorum·;
471 2207 545 2265 qum,
560 2208 668 2264 vereor,
692 2209 731 2248 ne
754 2209 829 2248 rana
847 2190 943 2248 ¹surdis
957 2189 1075 2248 auribus
1088 2188 1167 2246 ceci-

185 2273 202 2300 “
214 2267 320 2326 nerim.
360 2266 487 2331 Quoties
508 2287 574 2346 ego,
587 2270 773 2328 audientibus
786 2270 876 2341 vobis,
891 2271 1050 2327 detestatus
1070 2285 1167 2326 exem-

149 2347 266 2421 as“pla
286 2346 495 2406 discordiarum
519 2349 720 2418 fraternarum,
743 2349 901 2409 horrendos
921 2359 1041 2408 eventus
1065 2363 1166 2407 eorum

185 2428 206 2458 ‘⁸
214 2424 312 2492 retuli,
326 2425 431 2500 quibus
443 2445 474 2484 se
495 2427 670 2503 stirpemque
683 2447 775 2500 suam,
789 2429 900 2496 domos,
920 2446 1021 2504 regna,
1036 2427 1167 2486 funditus

185 2509 204 2536 “
213 2504 404 2562 evertissent!
424 2551 428 2560 ,
446 2503 570 2564 Meliora
591 2525 705 2582 quoquc
718 2507 850 2584 exempla
862 2507 1046 2583 parte‘altersi
1059 2507 1142 2584 posui
1157 2527 1165 2576 ;

184 2583 386 2642 “sociabilem
408 2587 620 2644 consortionem
636 2587 711 2645 inter
725 2587 808 2647 binos
821 2586 1108 2646 Lacedaemoniorum
1122 2603 1166 2644 re·

183 2673 209 2708 t‘·
220 2681 281 2740 ges,
296 2663 451 2722 salutarem
473 2664 524 2741 per
547 2666 638 2724 multa
660 2667 768 2726 saecula
790 2667 860 2744 ipsis
872 2667 1037 2742 patriaque.
1077 2666 1166 2725 Eam·

147 2753 174 2795 ac
183 2752 208 2782 ι·
217 2744 284 2801 dem
309 2743 466 2818 civitatem,
488 2755 639 2820 postquam
660 2765 723 2804 mos
736 2747 791 2805 sibi
805 2746 910 2823 cuique
923 2747 1055 2824 rapiendi
1069 2757 1166 2823 tyran-

184 2823 317 2882 “nidem
339 2833 456 2882 exortus
478 2823 526 2892 sit,
549 2843 687 2884 eversam.
729 2826 796 2884 Jam
820 2827 872 2886 hos
893 2827 1057 2886 Eumenem
1081 2828 1164 2886 Atta-

186 2902 335 2978 “lumqne
360 2903 503 2976 hanoea
523 2904 610 2979 quim
630 2905 744 2982 exiguis
765 2907 860 2975 rebus,
886 2908 973 2986 prope
998 2918 1029 2967 ut
1042 2909 1164 2985 puderet

188 2981 292 3058 “regii
313 2982 450 3052 nominis,
471 2983 553 3058 mihi,
578 2983 737 3059 Antiocho,
758 2997 787 3044 et
811 2987 931 3046 cuilibet
951 3007 1053 3066 regum
1077 2987 1163 3064 huju·

189 3070 209 3098 ‘⁶
221 3062 321 3136 etatis,
344 3063 425 3121 nulld
444 3081 476 3122 rs
497 3064 600 3141 magis,
621 3063 708 3140 qudm
730 3065 856 3126 fratemd
879 3069 1080 3137 unanimitate,
1099 3085 1163 3141 reg-

152 3149 290 3200 ³⁵“num
315 3143 453 3220 aequasse.
493 3143 542 3203 Ne
566 3145 710 3204 Romanis
727 3146 845 3222 quidem
865 3149 1005 3227 exemplis
1025 3143 1162 3211 abstinui,

189 3230 207 3258 “
219 3240 283 3296 quae
297 3233 347 3281 aut
370 3224 432 3282 visa
453 3234 503 3282 aut
523 3226 622 3284 audita
635 3225 796 3299 habebam;
819 3227 857 3287 T.
871 3239 901 3288 et
914 3229 947 3286 L.
961 3227 1162 3290 Quintiorum,

189 3299 269 3373 “qui
292 3301 399 3360 bellum
421 3322 536 3362 mecum
560 3317 733 3382 gesserunt3
755 3306 787 3366 P.
809 3318 839 3367 et
859 3307 893 3366 L.
909 3304 1089 3379 Scipionum,
1114 3301 1163 3377 qui
1227 3349 1228 3352 ,

189 3377 399 3451 “Antiochum
420 3383 611 3454 deviceruht3
631 3385 719 3460 patris
741 3388 892 3463 patruique
909 3400 1020 3454 eorum,
1041 3397 1163 3455 quorum

190 3467 386 3534 “perpetuam
407 3461 472 3520 vitu
496 3464 681 3522 concordiam
705 3484 781 3526 mors
801 3481 915 3541 quoque
936 3459 1061 3518 miscuit.
1103 3458 1164 3518 Ne·

155 3545 181 3584 ⁴⁰
190 3542 208 3570 “
219 3555 275 3612 que
289 3555 339 3596 vos
352 3539 464 3598 illorum
476 3543 585 3614 scelus,
600 3542 757 3620 similisque
778 3541 881 3602 sceleri
894 3550 1024 3612 eventus,
1038 3540 1164 3598 deterre·

189 3621 283 3674 “rea
302 3619 418 3700 vec-ordi
441 3619 588 3678 discordia
610 3623 701 3697 potuit
712 3645 720 3694 ;
742 3639 835 3695 neque
856 3619 959 3676 horum
981 3619 1058 3676 bona
1070 3637 1164 3690 mens,

190 3701 207 3728 “
219 3696 295 3754 bona
309 3696 433 3766 somnne,
446 3700 483 3757 ad
498 3699 650 3759 sanitatem
665 3701 792 3760 flectere.
834 3697 909 3756 Vivo
922 3707 952 3755 et
965 3698 1092 3774 spirante
1105 3717 1163 3766 me,

187 3776 417 3836 “hereditatem
440 3795 536 3838 meam
563 3781 648 3840 ambo
673 3791 703 3837 et
730 3795 780 3853 spe
803 3787 834 3836 et
856 3777 1014 3854 cupiditate
1035 3777 1164 3858 improbat
