2556 4314
274 351 281 365 ,
375 276 385 298 “
489 309 597 362 uranu
612 310 685 363 xxr.
703 325 766 364 ω.
783 326 827 361 xv.
1020 329 1026 334 ·
1083 315 1141 378 175

170 462 317 529 “tumque
331 468 428 527 omne,
442 455 591 531 publicum
604 455 813 532 privatumque,
827 455 864 514 ad
878 475 909 514 se
920 454 1003 532 jubet
1015 455 1140 518 deferri:

170 535 354 610 “conjugum
378 545 529 610 vestraque
552 554 673 612 corpora
693 555 728 594 ac
741 536 896 596 liberorum
912 547 1068 596 vestrorum
1083 557 1142 598 ser·

167 623 188 650 “
201 624 247 671 vat
259 613 410 684 inviolata,
435 615 460 673 si
484 615 610 674 inermes
632 635 699 674 cum
714 615 791 692 binis¹
809 615 986 674 vestimentis
1000 611 1092 674 velitis
1105 617 1142 676 ab

168 696 187 725 “
200 694 331 770 Sagunto
344 693 431 753 exire.
473 695 548 754 Haec
563 695 652 754 victor
673 696 763 754 hostis
776 695 906 772 imperat.
947 694 1031 766 Haec,
1046 713 1144 771 quam·

145 775 187 827 s“
201 791 288 847 quam
312 773 370 831 siut
393 774 491 850 gravia
514 785 599 851 atquo
613 775 727 848 acerba,
752 774 866 834 fortuna
880 784 973 832 vestra
987 775 1068 832 vobis
1082 795 1145 836 sua·

169 853 258 910 “det
299 851 443 928 Equidem
466 855 545 927 haud
570 856 700 932 despera,
724 873 813 931 quum
833 855 964 925 omnium
978 864 1103 930 potestas
1116 855 1146 916 ei

168 939 188 968 “
200 930 277 989 facta
290 932 337 1000 sit,
355 933 461 1008 aliquid
483 953 520 992 ex
544 935 589 992 his
610 935 698 993 rebus
710 935 905 994 remissurum.
949 933 1007 992 Sed
1022 935 1066 992 vel
1080 935 1145 996 haec
1202 977 1209 982 -

167 1011 332 1085 “patienda
358 1031 465 1072 censeo
487 1011 591 1088 potiris,
618 1012 705 1088 quam
731 1015 870 1073 trucidari
894 1031 1014 1089 corpora
1041 1025 1144 1082 vestra,

166 1091 257 1164 “rapi
271 1091 402 1166 trahique
416 1102 483 1150 ante
496 1111 548 1152 ora
567 1104 661 1152 vestra
674 1085 815 1172 conjr‘rges
832 1113 868 1154 ac
881 1093 987 1152 liberos
1001 1093 1145 1170 bellijure

130 1177 184 1223 ·1o“
197 1167 326 1226 sinatis.”
353 1181 409 1278 q(

165 1327 168 1337 “
204 1327 290 1384 XIV.
326 1327 375 1386 Ad
402 1329 466 1387 haec
492 1329 648 1399 audienda,
676 1319 775 1406 quum,
802 1327 979 1389 circumfusa
1005 1328 1143 1406 paulatim

165 1405 361 1475 multitudine,
375 1408 547 1483 permixtum
569 1410 682 1468 senatui
695 1422 771 1470 esset
788 1408 885 1486 populi
900 1408 1078 1480 concilium3
1100 1427 1144 1468 re-

164 1489 252 1562 pente
268 1486 416 1562 primores,
431 1488 595 1547 secessione
609 1488 695 1558 lacta,
718 1489 897 1566 (priusquam
910 1502 1080 1565 responsum
1094 1490 1144 1548 da-

164 1565 258 1645 retur)
274 1576 426 1642 argentum
451 1585 609 1642 aurumque
633 1581 730 1640 omne,
754 1587 791 1625 ex
803 1567 920 1642 publico
934 1569 1098 1644 privatoque
1112 1567 1144 1628 iu

133 1663 157 1705 rs
166 1644 260 1703 sorum
275 1646 422 1713 collatum,
436 1645 467 1703 in
485 1646 589 1720 'ignem
604 1647 641 1704 ad
661 1647 690 1704 id
704 1646 809 1721 raptim
822 1646 930 1704 sactum
944 1647 1144 1722 conjicientes,

164 1722 270 1782 eodem
292 1724 422 1800 plerique
447 1735 539 1782 semet
562 1725 616 1799 ipsi
638 1723 897 1799 praecipitaverunt
938 1724 1042 1786 Quum
1060 1744 1097 1784 ex
1110 1743 1145 1786 eo

163 1821 251 1878 pavor
265 1821 301 1860 ac
325 1804 477 1879 trepidatio
501 1813 591 1875 totam
615 1803 715 1861 urbem
740 1802 921 1878 pervasisset,
943 1803 1015 1860 alius
1028 1804 1146 1881 insuper

164 1882 306 1940 tumultus
328 1901 365 1940 ex
386 1901 453 1940 arce
468 1883 592 1940 auditur.
634 1881 739 1940 Turris
753 1882 804 1939 diu
816 1892 951 1956 quassata
965 1883 1145 1958 prociderat:

164 1979 273 2038 perque
295 1962 409 2019 ruinam
434 1962 496 2040 ejus
520 1962 623 2020 cohors
647 1961 803 2018 Poenorum
827 1961 938 2036 impetu
962 1962 1039 2020 facto
1056 1982 1145 2038 quum

129 2061 154 2102 au
165 2041 284 2118 signum
308 2038 472 2117 imperatori
496 2041 634 2113 dedisset,
657 2041 796 2098 nudatam
810 2040 981 2100 stationibus
995 2041 1147 2101 custodiis·

162 2139 221 2196 que
246 2120 337 2178 solitis
359 2121 484 2178 hostiurn
507 2139 571 2178 esse
592 2120 715 2188 urbem3
744 2139 803 2178 non
827 2122 1027 2180 cunctandum
1051 2122 1080 2179 in
1095 2122 1145 2180 tali

163 2200 321 2258 occasione
343 2211 422 2258 ratus
446 2199 606 2273 Hannibal,
630 2199 698 2258 totis
721 2199 830 2258 viribus
855 2219 1008 2278 aggressus
1032 2202 1145 2271 urbem,

164 2291 313 2340 momento
334 2280 422 2355 cepit,
436 2280 520 2356 signo
541 2280 619 2351 dato,
633 2290 666 2336 ut
688 2297 791 2337 omnes
812 2280 934 2355 puberes
947 2280 1145 2340 interficeren-

114 2369 121 2378 ”
165 2367 229 2416 tur:
251 2359 328 2430 quod
352 2359 505 2432 imperium
529 2358 656 2424 crudele,
681 2360 817 2416 caeterdm
838 2361 925 2434 prope
946 2360 1144 2419 necessarium

129 2466 155 2507 25
166 2435 319 2512 cognitum
333 2436 394 2510 ipso
407 2445 513 2493 eventu
527 2448 578 2492 est.
620 2436 678 2492 Cui
691 2436 770 2492 enim
783 2437 863 2511 parci
882 2438 973 2512 potuit
986 2439 1080 2510 exiis,
1095 2439 1144 2514 qui

167 2525 218 2573 aut
231 2513 338 2572 inclusi
352 2533 420 2570 cum
444 2514 617 2589 conjugibus
641 2533 676 2570 ac
700 2513 798 2570 liberis
812 2515 912 2573 domos
925 2535 1010 2590 super
1024 2536 1055 2574 se
1069 2517 1145 2592 ipsos

166 2602 439 2662 concremauerunt,
471 2603 521 2650 aut
552 2591 654 2650 armati
681 2591 794 2650 nullum
821 2593 886 2652 ante
915 2593 1002 2652 linem
1028 2613 1144 2672 pugna,

163 2673 255 2750 quam
269 2673 435 2742 morientes,
450 2671 603 2731 feceruntl
623 2727 626 2732 ,
705 2717 707 2722 .

206 2831 275 2890 XV.
298 2831 423 2906 Captum
447 2829 585 2906 oppidum
609 2839 654 2887 est
674 2847 741 2886 cum
763 2828 873 2906 ingenti
886 2830 992 2906 praeda.
1033 2830 1145 2895 Quam.

129 2935 155 2979 ω
164 2911 402 2988 quam-pleraque
417 2911 453 2969 ab
465 2910 591 2968 dominis
612 2910 649 2966 de
663 2908 803 2978 industrid
817 2920 951 2986 corrupta
964 2920 1055 2981 erant,
1070 2923 1100 2972 et
1112 2914 1143 2972 in

166 2991 297 3050 cedibus
306 2990 353 3047 vir
367 2989 456 3052 ullum
472 2989 627 3048 discrimen
643 2989 734 3046 aetatis
745 2988 788 3046 ira
802 2987 919 3058 fecerat,
930 3001 960 3048 et
970 2992 1077 3067 captivi
1091 2993 1144 3057 mi·

164 3070 250 3130 litum
265 3072 361 3147 praeda
374 3071 508 3140 fuerant3
530 3079 627 3134 tamen
640 3079 671 3126 et
683 3087 719 3126 ex
730 3069 822 3145 pretio
843 3088 939 3128 rerum
962 3072 1143 3134 venditarum

165 3151 344 3228 aliquantum
358 3151 491 3227 pecunie
502 3151 652 3208 redactum
662 3168 726 3208 esse
741 3160 862 3223 constat,
871 3165 901 3208 et
911 3150 1030 3210 multam
1041 3154 1144 3228 pretio·

165 3231 451 3308 samsupellectilem
462 3241 628 3306 vestemque
642 3229 759 3287 missam
774 3229 990 3306 Carthaginem.
1031 3232 1144 3292 Octavo

129 3333 156 3376 35
165 3329 278 3376 nense,
289 3310 378 3383 quam
392 3321 519 3386 coeptum
532 3309 704 3386 oppugnari,
712 3319 829 3385 captum
845 3310 1143 3386 Saguntum‚quidarn

166 3387 325 3463 scripsere:
347 3389 415 3446 inde
430 3389 637 3466 Carthaginem
646 3387 757 3448 Novam
772 3389 803 3446 in
815 3389 936 3448 hiberna
945 3390 1142 3448 Hannibalem

167 3467 370 3527 concessisse:
401 3468 502 3542 quinto
528 3468 633 3526 deiude
654 3487 765 3542 mense,
791 3469 876 3543 quam
901 3470 938 3528 ab
965 3469 1142 3544 Carthagine

166 3546 373 3624 profectusum,
388 3546 418 3604 in
441 3547 555 3606 ltaliam
577 3549 750 3623 pervenisse.
790 3547 868 3610 Quae
892 3549 917 3606 si
936 3547 975 3604 ita
988 3555 1064 3615 sunt,
1079 3543 1141 3604 lieri

166 3645 227 3684 non
247 3626 349 3702 potuit,
364 3637 395 3684 ut
418 3621 451 3688 P.
474 3627 635 3700 Cornelius,
659 3628 708 3686 Ti.
734 3627 921 3703 Sempronius
933 3622 1068 3680 consules
1082 3621 1142 3682 fata·

130 3705 235 3780 corint,
257 3707 293 3763 ad
318 3726 388 3780 quos
411 3715 441 3764 et
466 3707 608 3784 principio
630 3705 853 3784 oppugnationis
873 3701 960 3789 legati
985 3701 1141 3777 Saguntini

164 3786 246 3846 mirsi
260 3786 327 3856 sint,
342 3797 371 3846 et
384 3787 433 3863 qui
446 3789 477 3848 in
491 3807 544 3850 suo
563 3785 733 3866 magistratu
746 3801 820 3844 curn
829 3778 1003 3853 Hannibale,
1018 3780 1089 3844 alter
1103 3783 1140 3844 ad
