2556 4314
495 301 603 352 LIBER
619 302 727 368 Lens.
745 314 863 350 xxxvrrr.
1130 298 1170 356 37

190 457 288 507 tantus
300 446 395 522 honos
408 445 542 513 accessit,
557 455 591 502 ut
607 444 680 502 nihil
692 444 760 502 belli
774 443 909 518 domique
922 452 1029 518 postea,
1044 442 1102 500 nisi
1113 457 1165 526 au-¹
1230 475 1236 484 ·

191 526 315 604 spicatd,
330 536 496 602 gereretur3
517 523 642 582 concilia
654 523 760 598 populi,
774 523 919 580 exercitus
932 523 1034 596 vocati,
1056 539 1170 580 summa

126 647 129 654 ,
191 625 301 678 rerum,
325 606 376 662 ubi
404 624 470 661 aves
496 623 555 662 non
583 603 774 674 admisissent,
802 601 1011 658 dirimerentur.
1064 601 1169 676 Neque

193 697 258 743 tum
282 683 460 758 Tarquinius
483 683 519 739 de
541 681 670 756 equitum
692 680 832 738 centuriis
856 679 1012 756 quidquam
1032 679 1169 738 mutavit:

172 783 317 822 enumero
331 764 451 820 alterum
475 771 588 832 tanturn
607 760 722 836 adjecit,
738 769 770 816 ut
783 759 862 816 mille
875 770 906 816 et
919 759 1080 834 octingenti
1094 754 1172 833 e'qui·

195 854 240 901 ter
254 844 284 900 in
298 843 393 910 tribus·
401 839 539 898 centuriis
553 849 657 896 essent.
684 839 882 896 -Posteriores
896 836 983 898 modd
997 838 1052 894 sub
1065 837 1169 894 iisdem

196 921 372 993 nominibus
385 921 433 994 qui
447 919 537 976 additi
551 927 642 986 erant,
658 918 793 992 appellati
806 928 893 976 sunt:
915 937 986 993 quas
1000 935 1091 990 nunc,
1105 915 1173 992 quis

194 1001 348 1076 geminatae
362 1009 439 1071 sunt,
453 1017 505 1055 sex
517 1006 623 1056 vocant
636 996 791 1054 centurias.

234 1156 398 1216 XXXVII.
421 1157 488 1216 Hac
511 1167 592 1232 parte
617 1155 765 1232 copiarum
790 1157 885 1228 aucte,
900 1155 1004 1214 iterum
1029 1173 1098 1214 curn
1120 1153 1172 1216 Sa-

162 1252 186 1290 10
197 1237 272 1295 binis
292 1237 466 1313 confligitur.
508 1236 578 1303 Sed,
599 1246 788 1312 praeterquam
811 1236 888 1310 qudd
912 1236 1020 1299 viribus
1044 1248 1175 1295 creverat

196 1316 348 1374 Romanus
361 1315 515 1383 exercitus,
530 1334 568 1371 ex
579 1315 695 1372 occulto
715 1314 803 1372 etiam
825 1314 940 1372 additur
958 1315 1052 1382 dolus,
1066 1315 1172 1388 missis,

198 1395 247 1470 qui
261 1414 396 1472 magnam
420 1395 478 1451 vim
501 1393 655 1469 lignorum,
680 1393 711 1450 in
735 1393 861 1451 Anienis
884 1393 943 1468 ripe
954 1394 1113 1470 jacentem,
1128 1412 1172 1451 ar·

196 1475 312 1532 dentem
334 1475 365 1531 in
387 1472 500 1530 flumen»
520 1473 721 1548 conjicerent:
742 1478 885 1549 ventoque
904 1472 1023 1548 juvante
1048 1491 1175 1530 accensa

196 1552 286 1628 ligna,
301 1563 331 1610 et
352 1553 499 1627 pleraque,
514 1551 544 1606 iu
557 1552 667 1608 ratibus
689 1551 825 1626 impacta,
840 1551 966 1631 sublicis!
982 1570 1071 1624 quum
1085 1553 1175 1608 haere-

72 1693 76 1701 s
160 1646 188 1684 15
197 1641 272 1703 rent,
286 1639 405 1706 pontem
418 1629 587 1686 incendunt
628 1630 674 1686 Ea
693 1647 864 1704 quoqueres
883 1629 914 1686 in
927 1631 1025 1703 pugne
1038 1640 1176 1687 terrorem

197 1709 294 1766 attulit
318 1708 443 1766 Sabinis.
492 1707 600 1766 Effusis
624 1709 727 1764 eadem
748 1707 845 1783 fugam
865 1706 1015 1782 impediit3
1036 1708 1176 1783 multique

170 1823 173 1828 —
196 1787 343 1855 mortales
358 1805 447 1861 quum
462 1787 574 1844 hostem
595 1786 776 1862 effugissent,
791 1786 821 1842 in
836 1785 955 1842 flumine
970 1785 1032 1860 ipso
1045 1787 1176 1861 periere:

196 1885 318 1940 quorum
332 1865 474 1922 fluitantia
495 1883 583 1938 arma,
599 1866 636 1922 ad
660 1865 769 1922 Urbem
784 1864 901 1940 cognita
926 1864 957 1920 in
971 1863 1085 1934 Tiberi,
1099 1867 1178 1942 priris

199 1964 292 2020 paene,
308 1943 407 2019 ‘quern
433 1943 560 2003 nuntiari
586 1954 693 2019 posset,
721 1943 866 2020 insignem
894 1943 1042 2002 victoriam
1070 1945 1174 2005 fecere.

159 2040 189 2078 su
200 2023 245 2082 Eo
258 2023 358 2099 proelio
380 2023 525 2098 praecipua
547 2021 675 2098 equitum
699 2022 791 2098 gloria
804 2022 874 2080 suit:
904 2023 1046 2098 utrimque
1061 2025 1098 2082 ab
1114 2045 1176 2084 cor·

199 2103 287 2160 nibus
299 2103 414 2178 positos,
429 2121 518 2176 quum
539 2103 599 2178 jam
622 2102 776 2177 pelleretur
799 2101 896 2158 media
913 2103 1043 2177 peditum
1057 2123 1175 2162 suorum

200 2181 287 2249 acies,
313 2181 353 2238 ita
374 2181 529 2238 incurrisse
552 2182 588 2238 ab
609 2181 746 2238 lateribus
771 2180 876 2252 ferunt,
898 2190 930 2237 ut
953 2200 1012 2238 non
1040 2183 1177 2241 sisterent

199 2259 285 2318 modd
306 2260 431 2318 Sabinas
454 2260 593 2336 legiones,
618 2260 751 2338 ferociter
770 2260 911 2316 instantes
926 2260 1108 2334 cedentibus,
1123 2263 1176 2319 sed

201 2337 295 2396 subito
315 2340 346 2396 in
370 2338 468 2415 fugam
492 2349 661 2396 averterent.
703 2337 821 2396 Montes
845 2338 936 2395 effuso
960 2357 1047 2396 cursu
1072 2341 1174 2398 Sabini

162 2419 343 2494 repetebant,
366 2428 396 2475 et
417 2418 504 2493 pauci
528 2419 667 2485 tenuere3
689 2416 816 2486 murima
835 2436 910 2491 pars,
925 2427 957 2472 ut
981 2417 1175 2477 antedictum

134 2525 137 2530 Α
199 2511 252 2570 est,
267 2498 303 2554 ab
317 2497 463 2572 equitibus
485 2496 516 2552 in
539 2494 648 2552 fl'umen
673 2496 730 2551 acti
744 2505 819 2551 sunt.
861 2495 1051 2568 Tarquinius,
1066 2497 1175 2557 instan-

199 2577 268 2635 dum
293 2575 453 2653 perterritis
475 2584 564 2640 ratus,
591 2573 688 2648 praedel
716 2572 1047 2646 captivisqueRomam
1071 2575 1174 2650 missis,

186 2655 295 2730 ,spoliis
309 2654 435 2712 hostium
459 2651 569 2728 (votnm
583 2651 613 2708 id
636 2651 769 2708 Vulcano
782 2652 856 2729 erat)
872 2651 983 2726 ingenti
998 2655 1114 2712 cumulo
1129 2675 1176 2714 ac·

199 2735 304 2802 censis,
318 2733 413 2810 pergit
426 2751 512 2808 porro
526 2731 555 2788 in
570 2749 670 2806 agrum
686 2729 827 2787 Sabinum
842 2730 1001 2788 exercitum
1015 2730 1173 2793 inducere:

161 2830 188 2870 ao
198 2824 237 2881 et,
251 2831 424 2888 quamquam
438 2809 512 2868 male
526 2820 608 2886 gesta
630 2819 760 2876 reserat,
782 2828 838 2866 nec
851 2820 983 2885 gesturos
996 2812 1098 2872 melitis
1111 2835 1174 2892 spe·

197 2912 261 2950 rare
274 2902 426 2968 poterant3
447 2901 555 2956 tamen,
579 2889 646 2967 quja
670 2888 841 2946 consulendi
865 2909 990 2948 resnou
1012 2892 1098 2952 dabat
1112 2915 1175 2972 spa-

107 3040 110 3045 ,
198 2971 282 3036 tium,
298 2971 356 3027 iere
370 2969 483 3026 obviem
498 2968 600 3026 Sabini
624 2968 810 3025 tumultuario
824 2969 915 3026 milite
928 2990 935 3038 ;
957 2970 1118 3048 iterumque
1132 2974 1173 3033 lbi

143 3041 161 3050 ’
200 3048 272 3120 fusi,
282 3048 400 3122 perditis
411 3048 470 3125 jam
483 3046 572 3124 prope
586 3047 682 3116 rebus
696 3067 799 3122 pacem
813 3047 932 3123 petiere.

238 3206 418 3265 XXXVIII.
453 3207 585 3275 Collatia,
607 3217 637 3264 et
660 3207 798 3282 quidquid
824 3208 904 3265 circa
931 3209 1083 3272 Collatiam
1111 3217 1172 3293 agri

160 3296 270 3359 merat,
299 3287 415 3343 Sabinis
439 3288 614 3362 ademptum.
665 3286 790 3362 Egerius
815 3287 923 3364 (fratris
944 3290 993 3346 hic
1014 3292 1090 3351 filius
1112 3307 1174 3355 erat

197 3365 289 3444 regis)
306 3364 436 3422 Collatiae
460 3366 491 3422 in
513 3364 647 3441 praesidio
669 3367 807 3423 relictus:
830 3367 998 3442 deditosque
1013 3371 1173 3432 Collatinos

197 3445 239 3502 ita
251 3443 380 3518 accipio,
389 3463 509 3518 eamque
530 3444 685 3502 deditionis
709 3445 861 3502 formulam
885 3465 957 3503 esse.
999 3449 1067 3508 Rex
1084 3453 1171 3522 inter-

168 3581 170 3586 ,
198 3521 329 3596 rogavit:
350 3527 370 3554 “
382 3521 497 3580 Estisne
520 3542 571 3582 vos
594 3524 682 3598 legati
705 3529 898 3599 oratoresque,
922 3526 1002 3582 missi
1027 3547 1044 3582 a
1067 3530 1173 3602 populo

198 3605 218 3632 ‘¹
230 3600 385 3670 Collatino,
413 3611 445 3659 ut
471 3621 521 3661 vos
546 3603 738 3679 populumque
774 3603 950 3661 Collatinum
978 3603 1171 3661 dederetisl'’

160 3703 187 3744 40
198 3684 217 3711 “
229 3681 366 3738 Sumus.'’
409 3679 530 3739 “Estne
551 3681 673 3758 populus
697 3682 858 3739 Collatinus
871 3681 902 3737 in
915 3681 1119 3751 estpotestate
1131 3687 1142 3740 l
1153 3685 1172 3714 ”

196 3758 312 3817 “Est”
356 3757 536 3818 “Deditisne
554 3763 614 3896 qus,
633 3761 826 3836 populumque
850 3755 1036 3828 Collatinum,
1060 3760 1170 3833 urbem,
