2520 4310
180 428 314 488 nuntium
325 427 512 505 impertirent.
534 425 669 502 Senatus,
680 421 759 503 qudd
770 426 813 486 M.
825 425 1154 495 LiviuetG.Oiaudius

180 508 323 580 consules,
354 506 494 588 incolumi
522 507 662 581 exercitu,
689 507 796 566 ducem
819 506 945 572 hostium
970 505 1154 598 legionesque

178 587 365 661 occidissent,
380 586 645 664 ‘supplicationem
678 586 709 645 in
743 587 872 648 triduum
906 586 1056 656 decrev1t3
1089 605 1154 643 eam

98 279 100 284 ’
183 263 187 270 ’
395 291 398 298 “
482 275 715 348 unmxxvn.
733 296 796 334 oss.
812 295 853 336 sn
909 317 914 326 ·
1093 279 1151 342 231

178 665 419 744 supplicationem
447 665 482 725 Ο.
510 665 652 726 Hostilius
674 676 787 743 pretor.
804 685 856 744 pro
880 665 1024 725 concione
1045 663 1155 736 edixit3
1246 733 1247 740 ἵ

157 746 382 824 scelebrataque
409 765 428 804 a
453 745 520 805 viris
546 745 729 823 feminisque
753 756 806 805 est
847 745 958 805 Omnia
980 743 1088 821 templa
1107 763 1157 822 per

178 836 272 885 totum
289 826 418 885 triduum
440 826 580 907 equalem
600 826 716 886 turbam
736 825 885 886 habuere:
914 845 1004 902 quum
1022 835 1176 883 matrone·
1244 829 1247 850 ¹

179 905 356 983 amplissima
369 915 448 964 veste
462 924 530 964 cum
543 901 650 978 liberis,
664 905 785 983 perinde
799 923 834 964 ac
848 906 873 967 si
887 903 1062 964 debellatum
1076 903 1158 972 foret,
1245 963 1247 968 .

17 1051 18 1056 η
178 985 259 1044 omni
273 985 373 1047 solutae
396 989 484 1056 merc,
500 985 572 1044 Deis
591 985 802 1044 immortalibus
815 995 911 1062 grates
925 995 1053 1062 agerent.
1096 984 1160 1040 Sta·

178 1072 241 1122 tum
254 1082 368 1140 quoque
392 1063 572 1122 civitatisea
592 1064 713 1124 victoria
737 1062 841 1135 morit3
863 1075 895 1123 ut
912 1065 973 1141 jam
987 1064 1066 1133 inde,
1081 1063 1159 1122 haud
1246 1079 1247 1082 ’

144 1155 169 1196 ιο
177 1160 263 1202 secus
276 1143 363 1222 quim
375 1143 405 1200 in
415 1159 499 1220 pace,
510 1160 557 1210 res
563 1143 640 1204 inter
651 1161 683 1202 se
694 1143 874 1212 contrahere,
889 1143 1053 1216 vendendo,
1061 1161 1160 1201 ernen-

177 1221 225 1291 do,
240 1232 373 1282 mutuum
395 1221 500 1295 dando,
522 1233 675 1300 argentum
688 1222 993 1296 creditum'solvendo,
1008 1223 1159 1282 auderent.
1193 1221 1194 1224 ’

178 1299 214 1359 C.
229 1301 374 1360 Claudius
384 1301 584 1377 consuiqnuin
597 1302 627 1361 in
637 1312 732 1362 castra
744 1301 877 1380 redisset,
891 1313 980 1380 caput
990 1302 1160 1380 Hasdruba-

109 1425 111 1430 .
178 1378 225 1452 lis,
239 1380 316 1454 quod
327 1389 472 1446 servatum
485 1393 554 1439 cunr
568 1384 639 1440 curt
652 1383 796 1462 attulerat,
819 1381 920 1462 projici
944 1393 1012 1442 ante
1034 1381 1161 1442 hostium

179 1458 329 1527 stationes,
344 1457 529 1535 captivosque
550 1459 638 1519 Afros
662 1460 785 1534 vinctor,
799 1473 831 1520 ut
844 1473 935 1532 erant,
949 1462 1074 1537 ostendi,
1088 1463 1161 1524 duos

144 1552 169 1594 rt
178 1537 267 1597 etiam
276 1556 313 1606 er
323 1537 360 1597 iis
374 1538 481 1604 solutos
493 1538 536 1597 ire
547 1540 584 1598 ad
596 1539 840 1608 Hannibalemet
849 1559 1027 1619 expromere,
1038 1561 1103 1618 quae
1114 1560 1161 1601 ac·

177 1627 208 1674 ta
221 1628 328 1690 essent,
336 1617 431 1696 jussit
473 1617 633 1688 Hannibal,
644 1629 732 1678 tanto
742 1619 828 1682 simul
841 1621 958 1696 publico
971 1621 1161 1698 familiarique

177 1695 256 1756 ictus
278 1695 371 1772 luctu,
394 1707 581 1775 “agnoscere
602 1717 633 1757 se
660 1697 805 1760 fortunam
825 1699 1042 1776 Carthaginis,'’
1071 1700 1160 1760 fertur

113 1815 116 1820 ψ
177 1775 307 1835 dixisse:
329 1777 489 1853 castrisque
510 1778 579 1838 inde
593 1778 688 1847 motis,
707 1789 740 1837 ut
753 1779 851 1838 omnia
864 1779 982 1847 auxilia,
996 1799 1060 1856 quae
1073 1779 1158 1838 diffu-

178 1873 211 1913 sa
233 1855 319 1914 latius
343 1856 418 1915 tueri
439 1875 498 1916 non
521 1866 644 1934 poterat,
666 1857 698 1917 in
721 1869 882 1918 extremum
906 1859 997 1917 Italiae
1019 1859 1158 1936 angulum

142 1946 168 1988 ao
178 1931 309 1994 Bruttios
323 1937 516 2011 contraheret,
529 1947 559 1996 et
572 1936 802 2014 Metapontinos,
827 1938 973 1997 civitatem
987 1938 1160 2013 universam,

177 2013 298 2088 excitos·
312 2015 430 2074 sedibus
449 2015 519 2085 suis,
543 2027 573 2075 et
589 2015 780 2080 Lucanorum
799 2018 849 2094 qui
862 2038 922 2079 sure
936 2018 1055 2080 ditionis
1069 2029 1160 2087 eraut,

177 2089 210 2151 in
223 2091 370 2156 Bruttium
383 2101 484 2174 og'rurn
505 2096 703 2262 traduxit.)(
785 2113 790 2123 “
934 2177 939 2186 ,
