2520 4310
261 306 266 369 ²
321 301 326 320 ⁸
481 337 589 390 arnna
603 337 659 390 xa.
677 349 740 389 crs.
757 351 813 387 nv.
1073 333 1133 394 273

150 493 171 522 ‘⁴
184 481 296 552 utrtim,
310 492 343 542 ut
354 483 500 560 placarem
523 494 562 552 te,
577 481 674 542 danda
695 499 784 559 opera
803 479 866 554 fuit,
880 489 913 540 ut
926 479 1012 540 aliam
1026 493 1134 555 quere·

149 567 171 595 ‘⁸
184 581 253 622 rem
265 563 459 632 occasionem,
473 563 609 639 quoniam
627 561 717 622 semel
730 579 876 620 venenum
888 559 1076 637 paraveraml
1096 575 1134 615 en

151 646 172 674 “
185 641 227 700 ab
241 642 292 702 illo
312 642 434 703 consilio
458 643 534 702 velut
556 640 776 702 transiliendum
794 639 923 699 adalind
937 637 1001 707 fuit,
1015 647 1048 696 ut
1061 636 1136 696 ferro

152 731 173 759 ‘⁴
186 731 229 794 te,
255 732 285 781 et
306 723 425 799 quidem
446 741 483 782 eo
495 723 553 796 die,
566 741 618 799 per
638 720 766 800 speciem
779 718 1000 786 comissationis,
1020 716 1136 776 occide·

127 804 172 853 ⁵“
185 803 293 880 reinl„
315 800 386 865 Quo
409 803 516 861 deinde
539 803 634 876 modo,
658 802 683 860 si
706 813 736 860 te
757 810 836 860 metu
857 799 958 860 mortis
979 795 1135 886 credebam

146 884 173 928 -“
185 899 306 940 eoenam
327 881 450 942 eritlsse
470 900 575 951 meam,
599 901 659 941 non
681 881 718 939 ab
741 881 845 940 eodem
868 888 947 939 metu
961 877 1137 937 comissato-

152 969 174 997 ‘⁴
187 979 260 1020 nem
274 981 387 1038 quoque
400 962 574 1022 evitaturum
586 961 786 1022 existimabam
794 960 852 1062 ΤΥ

96 1095 130 1189 »ί
194 1119 285 1178 XIV.
307 1121 407 1180 “Nou
428 1131 472 1179 est
494 1141 552 1196 res,
575 1122 633 1198 qus
654 1121 834 1196 erubescam,
857 1128 948 1196 pater,
963 1118 987 1176 si
1001 1117 1049 1175 die
1063 1116 1136 1174 festo

151 1203 172 1232 “
185 1199 265 1258 iuter
290 1200 413 1275 equales
433 1200 556 1277 largiore
579 1201 647 1260 rino
670 1193 838 1260 sulti‘tisus:
858 1208 890 1258 tn
903 1215 1027 1275 quoque,
1040 1195 1137 1267 velim²

116 1295 143 1336 ru
151 1283 173 1312 “
186 1277 329 1354 inquiras,
343 1279 524 1354 querentis,
537 1298 595 1355 quo
607 1280 673 1339 lusu
687 1280 764 1357 apud
778 1295 825 1338 me
838 1278 1015 1337 celebratum
1030 1275 1137 1334 hester·

52 1355 64 1362 ’“
151 1362 173 1392 “
186 1377 262 1416 nuru
276 1357 441 1416 convivium
461 1359 508 1426 sit,
527 1359 577 1417 illo
590 1359 678 1416 etiam
693 1357 794 1434 (pravo
807 1357 940 1436 forsitan)
954 1355 1061 1432 gaudio
1074 1370 1137 1429 pro

152 1447 174 1475 “
187 1437 325 1510 vehente,
339 1435 418 1512 quod
431 1436 462 1494 in
472 1437 603 1512 iuvenali
624 1455 768 1496 armorum
781 1435 940 1495 certamine
953 1452 1020 1511 pars
1039 1445 1137 1492 nostra

153 1525 250 1575 “non
275 1515 392 1574 inferior
405 1516 508 1576 linerat.
548 1516 670 1576 Miseria
690 1517 754 1574 bace
775 1525 805 1574 et
822 1525 916 1573 metus
936 1513 1083 1590 crffllam
1097 1510 1137 1570 fa·

152 1600 173 1628 “
186 1596 246 1654 cile
260 1606 469 1667 excusserunt;
490 1615 554 1671 qum
574 1596 599 1655 si
623 1615 682 1655 non
703 1595 934 1662 intervenissent,
956 1592 1138 1650 insidiatores

82 1695 85 1701 ¹
118 1679 173 1733 15“
186 1694 243 1734 uos
265 1675 351 1753 sopiti
377 1674 550 1752 jaceremus.
592 1676 625 1735 Si
652 1677 770 1736 domum
796 1684 876 1732 tuam
907 1680 1135 1749 expugnaturus,

153 1764 175 1792 “
186 1753 276 1830 capti
298 1754 393 1824 domo,
414 1755 565 1814 dominum
585 1754 790 1814 interfecturus
803 1771 893 1820 eram,
907 1771 966 1810 non
980 1749 1136 1826 temperis-

154 1838 174 1867 “
184 1852 252 1892 seru
262 1833 333 1892 ¹vino
346 1833 377 1891 in
392 1845 482 1892 unum¹
496 1835 598 1892 (lierni
619 1853 680 1894 non
699 1832 806 1892 milites
819 1829 1021 1890 abstinuissem
1035 1829 1136 1888 meost

154 1922 175 1950 “
187 1912 239 1981 Et,
254 1931 292 1970 ne
306 1931 361 1989 ego
374 1932 421 1972 me
445 1913 523 1972 solus
535 1913 627 1972 nimii
641 1912 825 1989 simplicitate
840 1921 933 1984 tuear,
948 1910 1009 1986 ipse
1022 1925 1135 1984 quoque

155 1996 175 2024 “
188 1990 313 2050 minime
334 1993 427 2052 malus
447 2011 483 2052 ac
503 1993 639 2070 suspicax
652 1992 748 2061 frater,
771 1990 875 2050 ‘Nihil
896 1989 975 2049 aliud
989 1987 1070 2062 sci0‚’
1091 1988 1134 2045 in·

115 2086 144 2128 aa
155 2081 177 2110 “
188 2071 263 2148 quit,
286 2071 378 2130 ‘nihil
402 2091 501 2149 arguo,
515 2073 572 2132 nisi
585 2071 662 2148 quod
682 2089 750 2132 curu
765 2071 840 2130 ferro
853 2069 1037 2128 comissatum
1050 2085 1136 2126 vene·

155 2161 177 2189 “
191 2160 200 2188 ‘
212 2149 302 2209 runt’
343 2151 376 2210 si
399 2171 536 2229 queram,
559 2153 638 2212 unde
660 2152 690 2210 id
713 2151 808 2228 ipsum
821 2149 932 2217 scieris,
947 2165 1067 2207 necesse
1080 2146 1136 2206 erit

155 2233 176 2263 ‘⁸
187 2239 218 2288 te
233 2229 326 2302 fateri,
341 2241 391 2289 aut
410 2231 622 2308 speculatorum
643 2242 758 2290 tuorum
778 2230 895 2307 plenam
916 2229 1034 2287 domum
1047 2226 1135 2306 fuisse
1221 2245 1233 2274 ι

155 2313 175 2342 “
187 2326 295 2377 meam,
317 2319 367 2368 aut
387 2310 451 2370 illos
474 2310 515 2370 ita
535 2312 632 2388 aperte
656 2310 812 2388 sumpsisse
833 2310 951 2382 ferrum,
977 2317 1010 2368 ut
1035 2323 1137 2366 omnes

155 2396 176 2424 “
189 2386 330 2444 viderent
372 2389 420 2461 Et,
434 2390 554 2464 nequid
574 2389 636 2465 ipse
651 2400 700 2449 aut
712 2389 790 2465 priris
809 2389 972 2465 inquisisse,
994 2396 1044 2446 eut
1056 2403 1136 2445 nunc

116 2464 345 2546 ⁹⁵“0r'u1ja02‘i
369 2467 564 2542 argumentari
583 2467 739 2534 videretur,
760 2477 789 2524 te
809 2485 938 2542 quaerere
951 2467 1044 2532 exiis,
1064 2482 1136 2539 quos

155 2549 176 2578 “
187 2543 379 2619 nominasset,
390 2546 520 2623 jubebat,
534 2565 572 2604 an
596 2544 703 2606 ferrum
724 2545 912 2615 habuissent3
934 2554 975 2618 ut,
989 2554 1135 2619 tamquam

157 2624 220 2684 “in
241 2643 272 2682 re
296 2625 396 2694 dubit,
420 2645 509 2701 quum
530 2625 559 2684 id
580 2627 730 2702 quaesisses
753 2625 830 2701 quod
850 2623 906 2700 ipsi
927 2623 1062 2696 fatentur,
1082 2639 1135 2698 pro

157 2704 330 2764 “convictis
354 2705 536 2764 haberentur.
576 2704 662 2767 Quin
688 2715 720 2765 tu
741 2703 812 2762 illud
835 2703 925 2780 qnaeri
941 2703 1037 2780 jubes,
1063 2719 1134 2760 num

157 2783 234 2844 “tui
248 2782 402 2843 occidendi
416 2785 506 2844 causi
519 2784 627 2846 ferrum
640 2784 837 2862 sumpserint?
857 2803 928 2842 num
949 2801 996 2841 me
1017 2791 1134 2840 auctore

118 2863 144 2905 ³⁰
157 2867 217 2921 “et
230 2863 365 2922 sciente?
406 2864 474 2925 Hoc
495 2865 575 2924 enirn
595 2865 685 2942 videri
710 2865 762 2940 vis,
783 2883 843 2924 non
856 2863 938 2931 illud,
952 2863 1029 2939 quod
1043 2861 1133 2920 faten-
1144 2877 1166 2995 A

156 2947 177 2975 “
187 2952 244 3016 tur,
258 2953 288 3001 et
300 2941 395 3019 palem
409 2954 463 3018 est,
476 2954 507 3005 et
519 2944 564 3004 sui
578 2962 610 3003 se
630 2944 732 3005 tuendi
745 2943 833 3004 oaust
854 2942 1009 3020 sumpsisse
1023 2941 1134 3002 dieunt.

157 3031 177 3059 “
189 3022 286 3082 Recte
310 3042 348 3082 an
369 3043 519 3124 perperam
540 3024 672 3098 fecerint,
693 3024 748 3102 ipsi
769 3023 815 3082 sui
835 3022 1058 3082 factitationem
1071 3021 1134 3080 red-

157 3111 177 3138 “
188 3102 268 3160 dent
311 3101 409 3162 Meam
433 3123 562 3179 causam,
575 3123 640 3181 quae
653 3103 726 3163 nihil
740 3122 776 3162 eo
795 3103 872 3162 facto
893 3102 1080 3181 contingitur,
1094 3117 1132 3160 ne

156 3183 176 3213 “
188 3181 359 3254 miscueris;
381 3194 431 3244 aut
443 3185 568 3263 explica,
577 3182 672 3244 utrrim
687 3182 785 3260 aperte
799 3202 837 3242 an
850 3184 925 3242 clam
940 3193 969 3244 te
983 3199 1133 3260 aggressu·

118 3261 214 3320 ³⁵“ri
238 3262 385 3322 fuerimus.
428 3264 460 3324 Si
487 3263 596 3340 aperte,
621 3283 674 3324 cur
697 3283 756 3322 non
776 3279 879 3323 omues
902 3263 1009 3322 ferrum
1033 3260 1132 3319 habui·

157 3345 177 3376 ‘⁶
190 3342 277 3396 must
299 3359 351 3398 cur
374 3361 461 3401 nemo
483 3353 586 3419 praeter
606 3363 666 3413 eos,
686 3344 735 3420 qui
747 3354 830 3402 tunm
850 3342 1058 3420 speculatorem
1071 3339 1134 3415 pul·

158 3426 177 3453 “
190 3417 314 3476 sbruutl
336 3419 360 3476 si
374 3420 459 3491 clam,
468 3423 533 3497 quis
545 3423 616 3482 ordo
628 3423 742 3482 consilii
756 3423 832 3482 fuiti
874 3419 1014 3480 Convivis
1028 3418 1130 3492 soluto,

156 3499 284 3572 “quum'
297 3498 464 3558 comissator
484 3519 539 3577 ego
560 3500 767 3572 discessissem,
787 3510 908 3579 quatuor
928 3498 1132 3572 substitissent,

120 3617 122 3625 ι
157 3585 218 3634 “ut
251 3577 375 3653 sopitum
398 3589 428 3638 te
449 3581 696 3656 aggrederenturl
726 3580 869 3658 quomodo
892 3577 1069 3646 fefellissent,
1101 3587 1131 3635 et

16 3715 20 3725 ¹
119 3669 145 3709 tc
157 3663 177 3693 “
189 3655 286 3725 alieni,
301 3668 331 3716 et
343 3658 411 3727 mei,
425 3669 455 3718 et
468 3658 591 3718 maxime
612 3662 749 3737 suspecti,
763 3659 830 3737 quia
842 3656 928 3735 paulo
942 3657 1008 3716 antri
1023 3658 1053 3716 iu
1067 3656 1131 3716 rixi

156 3737 176 3772 ‘⁴
188 3733 321 3794 fuerantl
342 3739 485 3812 quomodo
509 3748 616 3809 autern,
640 3741 844 3813 trucidante,
865 3737 920 3815 ipsi
943 3737 1056 3796 evasuri
1069 3736 1130 3796 fue-

157 3815 175 3846 “
186 3813 264 3874 rintl
284 3827 406 3893 quatuor
419 3817 524 3896 gladiis
537 3819 640 3880 domus
653 3831 703 3880 tua
716 3818 781 3896 capi
794 3828 825 3878 et
844 3818 1003 3898 expugnari
1014 3816 1106 3895 potuit
1117 3818 1129 3875 l

542 3999 556 4041 ἲ,
573 3993 593 4044 !p
