2556 4314
10 261 12 304 l

95 313 135 371 26
226 315 245 336 ··
420 325 442 340 -·
488 279 700 365 'urrrnrvn

96 455 160 533 pius
174 455 290 524 Albam,
304 457 360 514 tria
373 429 490 516 Albana
512 457 640 519 Romam
653 475 762 530 versus,
776 456 827 516 sed
841 457 976 517 distantia
988 460 1071 533 locis,

10 539 12 548 ’
94 546 125 593 et
138 546 169 594 ut
182 545 342 614 pugnaturn
355 547 407 618 est
717 553 719 557 ·

134 696 251 756 XXVI.
273 695 442 774 Priusquam
456 688 536 759 inde]
544 655 773 773 digrederentur,
784 696 900 772 roganti
913 661 1018 769 Metto,
1027 673 1070 754 ex
1090 759 1092 763 ,
1165 765 1167 770 ,
1199 714 1205 720 ’

10 783 12 788 ’
64 851 66 855 Ι
95 775 202 834 loedere
226 778 284 835 icto
297 777 366 852 quid
387 778 549 854 imperaret,
563 777 684 850 imperat
704 776 819 844 Tullus,
834 773 877 832 uti
887 775 1069 851 juventutem

94 855 227 913 inarmis
245 857 368 924 habeat:
390 875 509 913 usurum
534 873 564 912 se
588 873 687 911 eorum
710 857 808 930 opera,
823 854 847 912 si
871 855 979 912 bellum
1001 857 1069 912 c'um
1091 865 1106 902 5

83 930 267 1010 'Vejentibus
281 935 371 992 foret:
393 935 434 992 ita
457 934 602 990 exercitus
623 934 692 990 inde
705 935 806 994 domos
819 933 946 992 abducti.
987 933 1070 992 Prin·
1137 997 1141 1003 ,

94 1031 164 1088 ceps
188 1013 326 1072 Horatius
349 1007 418 1084 ibat,
440 1012 593 1088 trigemina
617 1012 707 1086 spolia
728 1030 788 1087 prae
812 1023 989 1088 segerens:
1020 1015 1068 1070 cui

94 1109 172 1149 soror
186 1093 275 1167 virgo,
289 1111 352 1166 quae
367 1093 510 1166 desponsa
520 1092 571 1147 uni
585 1110 623 1147 ex
635 1091 773 1148 Curiatiis
786 1089 889 1164 fuerat,
903 1091 988 1148 obvia
1000 1103 1068 1149 ante

69 1167 70 1170 ’
91 1181 202 1245 portam
229 1171 379 1246 Capenam
407 1171 479 1248 luitj
502 1170 684 1246 cognitoque.
703 1188 788 1245 super
815 1171 949 1227 humeros
973 1168 1067 1229 fratris

92 1235 297 1323 paluddmento
320 1250 428 1324 sponsi,
441 1250 517 1323 quod
541 1251 603 1325 ipsa
627 1249 803 1321 confecerat,
818 1249 900 1307 solvit
913 1248 1020 1317 crines,
1036 1261 1104 1308 et1⁰

93 1313 226 1384 flebiliter
239 1328 357 1385 nomine
371 1340 508 1403 sponsum
532 1338 676 1386 mortuum
690 1328 822 1404 appellat.
864 1327 963 1386 Movet
976 1327 1066 1388 feroci
1137 1339 1145 1344 ’

23 1467 26 1474 ,
90 1406 189 1480 juveni
198 1407 334 1464 'animum
357 1407 543 1482 comploratio
568 1407 672 1464 sororis
686 1407 716 1464 in
735 1406 854 1479 uictoria
868 1407 919 1463 sua
932 1417 1068 1482 tantoque
1158 1470 1160 1475 s
1224 1477 1225 1480 Ἴ

66 1524 71 1531 -
93 1485 199 1560 gaudio
223 1486 347 1560 publico.
390 1487 497 1543 Stricto
518 1486 613 1560 itaque
637 1486 744 1562 gladio,
759 1486 844 1544 simul
866 1486 962 1543 verbis
975 1487 1068 1544 inore·

34 1564 55 1627 ,’
92 1581 174 1638 pans,
189 1565 331 1640 transfigit
351 1565 484 1638 puellam.
527 1565 618 1621 “Abi
632 1565 702 1622 hino
723 1584 791 1622 curn
805 1565 957 1622 immaturo
966 1583 1066 1622 amore

94 1650 113 1680 ‘⁶
123 1642 159 1698 ad
174 1642 340 1717 sponsum,’'
355 1644 492 1716 inquit„“
503 1644 592 1702 oblita
612 1644 731 1701 fratrum
743 1655 931 1703 mortuorum
946 1644 1068 1719 vivique,
1079 1657 1104 1696 15

94 1721 213 1778 “oblita
226 1722 334 1796 patriae.
377 1723 428 1778 Sic
452 1733 508 1794 eat,
523 1741 711 1795 quacumque
732 1723 868 1780 Romana
880 1723 992 1798 lugebit
1004 1724 1072 1780 hos-.
1165 1741 1168 1746 ·

94 1807 113 1836 ‘⁴
125 1800 214 1856 tem.”
256 1801 350 1857 Atrox
364 1800 456 1857 visum
470 1801 500 1857 id
514 1801 627 1858 facinus
640 1800 773 1858 Patribus
787 1801 938 1876 plebique:
960 1801 1012 1857 sed
1025 1820 1068 1858 re·

92 1895 163 1936 cens
178 1876 403 1936 meritum'lacto
416 1879 566 1936 obstabat:
588 1889 685 1936 tamen
694 1890 792 1955 raptus
806 1876 836 1937 in
846 1878 943 1954 jusad
958 1889 1065 1955 regem.

92 1957 173 2024 Rex,
188 1976 225 2014 uc
237 1957 301 2032 ¹ipse
324 1967 383 2015 tam
404 1957 493 2014 tristis
517 1957 678 2032 ingratique
697 1959 736 2015 ad
757 1959 860 2036 vulgus
878 1957 992 2033 judicii,
1007 1968 1065 2024 aut,

93 2036 256 2094 secundum
266 2035 421 2110 judicium,
441 2035 574 2112 supplicii
596 2047 698 2095 auctor
722 2047 806 2105 esset,
821 2035 947 2095 concilio
970 2037 1104 2114 populiso

93 2115 240 2182 advocato,
254 2123 273 2149 “
285 2114 486 2187 Duumviros,''
502 2113 604 2190 inquit,
617 2119 636 2148 “
647 2116 695 2190 qui
709 2116 831 2174 Horatio
841 2116 1067 2191 perduellionem

94 2198 113 2225 “
122 2191 265 2269 judicent,
277 2194 438 2250 secundum
451 2193 545 2270 legem
560 2193 663 2252 facio.”
704 2195 769 2252 Lex
780 2195 916 2252 horrendi
929 2193 1068 2251 carminis

94 2282 173 2330 erat:
196 2271 380 2330 “Duumviri
403 2273 630 2348 perduellionem
648 2273 788 2350 judicent,
829 2274 864 2329 'Si
878 2291 895 2328 a
908 2273 1068 2330 duumviris
1154 2282 1159 2286 “

95 2361 114 2387 “
126 2351 295 2426 provocirit
309 2351 512 2426 provocatione
537 2361 662 2410 certato:
684 2352 852 2417 si'uincent,
867 2361 961 2426 caput¹
977 2353 1069 2409 obnu-⁴

95 2439 114 2468 “
126 2431 204 2488 bito:
226 2429 345 2508 infelici*
358 2431 450 2488 arbori
474 2442 549 2488 reste
563 2431 748 2506 suspendite:
770 2429 919 2488 verberato
929 2431 978 2487 ivel
992 2431 1102 2488 intraas
1154 2450 1156 2453 ’

94 2512 113 2540 “
124 2509 304 2585 pomoerium,
316 2509 361 2565 vel
374 2520 454 2568 extra
466 2511 663 2586 pomoerium.’'
682 2505 753 2568 Hac
767 2509 832 2586 lege
846 2509 989 2587 duumviri
1005 2528 1068 2566 cre-

91 2588 134 2646 nti
149 2587 210 2665 (qui
224 2588 416 2646 seabsolvere
430 2608 489 2647 non
504 2591 640 2648 rebantur
654 2591 689 2647 ed
702 2588 778 2666 lege,
792 2609 830 2647 ne
841 2589 995 2647 innoxium
1008 2589 1069 2664 qui-

94 2668 171 2740 dem,
183 2667 279 2746 posse)
291 2686 378 2742 quum
391 2669 648 2740 condemnassent;
663 2662 724 2726 tum
736 2670 854 2729 alterex
865 2669 920 2735 his,
931 2679 950 2704 ⁴⁴
962 2669 994 2726 P.
1006 2668 1086 2725 Ho·'·

93 2746 189 2818 “rati,
203 2746 255 2802 tibi
268 2745 493 2820 perduellionem
505 2749 633 2824 judico,''
649 2748 750 2821 inquit.
777 2757 796 2783 “
808 2747 833 2812 l,
848 2747 942 2816 lictor,
962 2745 1069 2820 colliga

95 2825 225 2881 manus.''
268 2825 442 2884 Accesserat
460 2827 552 2894 lictor,
578 2825 781 2902 injiciebatque
802 2823 946 2895 laqueum.
987 2821 1107 2882 Tumau
1209 2813 1211 2816 ¹

95 2903 242 2975 Horatius
257 2914 374 2962 auctore
388 2905 487 2978 Tullo,
498 2905 641 2962 clemente
655 2902 728 2977 legis
741 2902 907 2975 interprete,
933 2909 952 2936 ‘⁴
965 2899 1074 2968 Pravo?

96 2983 159 3054 oo,''
172 3023 173 3028 κ
185 2981 294 3056 inquit:
316 2983 356 3040 ita
370 2985 406 3040 de
420 2983 620 3059 provocatione
644 2989 786 3038 certatum
808 2981 843 3036 ad
857 2979 994 3054 populum
1015 2991 1067 3039 est.

96 3059 170 3118 Moti
194 3060 325 3119 homines
338 3077 405 3120 sunt
418 3063 449 3119 iu
463 3082 499 3120 eo
517 3061 637 3137 judicio,
661 3058 785 3116 maxime
800 3059 832 3116 P.
848 3059 970 3117 Horatio
988 3070 1069 3134 patre

94 3139 298 3216 proclamante,
307 3160 337 3198 se
347 3142 434 3198 filiam
442 3141 505 3217 jure
517 3159 623 3198 caesam
630 3139 777 3215 judicare:
792 3137 822 3194 ni
834 3137 873 3198 ita
883 3148 969 3208 esset,
977 3139 1070 3211 patrio

93 3218 157 3294 jure
181 3217 211 3274 in
225 3217 316 3276 filium
339 3221 603 3276 animadversurum
627 3217 724 3275 luisse.
761 3215 876 3274 'Orabat
899 3214 1016 3286 deinde,
1031 3234 1104 3276 neas

96 3315 138 3365 se,
152 3315 236 3372 quern
250 3295 337 3371 pauld
369 3298 417 3353 nte
426 3316 493 3355 cum
505 3298 622 3374 egregii
634 3297 722 3373 stirpe
730 3294 957 3370 conspexissent,
964 3295 1069 3352 orbum

97 3375 195 3432 liberis
206 3316 438 3454 facerentsslnter
453 3377 516 3433 haec
530 3396 629 3444 senex,
641 3377 777 3454 juvenem
792 3374 953 3451 amplexus,
977 3373 1070 3448 spolia
1123 3411 1124 3414 =

97 3453 293 3511 Curiatiorum
307 3453 366 3508 fixa
385 3469 424 3509 eo
444 3453 518 3526 looo,
533 3456 581 3530 qui
595 3473 674 3514 nunc
688 3454 752 3512 Pila
766 3453 887 3512 Horatia
901 3453 1070 3528 appellatur,

98 3541 255 3600 ostentans,
280 3527 496 3599 “Hunccine''
519 3533 623 3603 aiebat,
636 3539 767 3610 '“quem
793 3531 879 3592 modo
903 3533 1070 3590 decoratum
1173 3561 1177 3567 ·

98 3614 117 3656 ‘f
127 3615 318 3677 ovantemque
331 3605 450 3664 victoria
460 3609 645 3674 incedentem
655 3611 776 3680 vidistis,
787 3611 1005 3684 Quirites-eum
1016 3611 1070 3668 sub
1078 3635 1105 3672 to

98 3697 118 3726 “
130 3683 212 3742 furat
225 3681 354 3740 vinctum
375 3684 450 3744 inter
471 3691 590 3748 verbera
603 3702 632 3750 'et
646 3679 792 3756 crustatus
816 3691 913 3748 videre
931 3689 1069 3764 potestisl

98 3769 117 3796 “
128 3761 204 3838 quod
214 3760 264 3819 vix
276 3759 457 3824 Albanorum
469 3769 547 3827 oculi
560 3780 619 3830 tarn
633 3771 761 3830 defuitne
781 3769 978 3848 spectaculum
997 3765 1070 3824 ferre
