2556 4314
455 333 588 392 tmen
604 333 652 391 111.
669 291 730 392 sis.
748 352 812 392 m.
964 295 970 305 ¹
1089 339 1129 404 91

157 483 243 544 biduo
263 483 431 552 abiuntum,
445 483 657 544 sinuntiatum
670 483 699 544 ei
722 481 775 555 sit;
796 482 928 559 iniquum
940 500 1015 554 esse,
1027 482 1132 545 absen-

155 575 215 625 tem
228 564 265 622 de
279 563 379 622 liberis
393 561 563 634 ,dimicare3
584 564 738 640 postulant,
752 573 860 622 utrem
873 563 1016 640 integram
1027 591 1028 596 ¹
1038 563 1068 622 in
1081 581 1132 642 pa·

154 644 208 704 tris
232 644 389 702 adventum
407 643 540 714 differat3
572 643 636 720 lege
660 643 696 702 ab
720 643 782 720 ipso
795 643 855 705 lati
874 643 1015 701 vindicias
1028 643 1077 702 det
1089 662 1134 706 te·

155 724 288 783 cundum
312 724 491 794 libertatem3
513 742 571 782 neu
594 723 728 799 patiatur,
752 722 892 801 virginem
911 722 1039 782 adultem
1051 721 1134 782 fame

134 802 246 880 iprids
261 803 346 880 quim
359 803 508 877 libertatis,
522 803 684 880 periculum
697 802 787 862 adire.

197 961 292 1020 XLV.
315 961 437 1038 Appius,
461 960 578 1020 decreto
592 959 737 1037 prefatus,
753 945 870 1035 “quim
883 957 1010 1018 libertati
1024 959 1135 1030 foverit,

156 1044 176 1074 “
186 1059 253 1098 eam
274 1040 475 1116 ipsamlegem
496 1040 654 1113 declarare,
668 1059 755 1115 quam
769 1039 895 1116 Virginii
909 1039 997 1096 amici
1010 1039 1136 1116 postula-

156 1122 175 1152 “
186 1119 257 1187 tioni
281 1138 341 1176 suae
354 1119 544 1195 ptaetendant.
585 1119 731 1178 Oeterdm
753 1119 793 1177 its
816 1120 847 1178 iu
857 1151 860 1156 ·
871 1118 907 1176 eri
920 1117 1035 1176 firmum
1048 1119 1136 1178 liber·

155 1201 175 1232 “
186 1198 237 1256 tati
251 1198 313 1256 fore
324 1198 502 1276 praesidium,
517 1199 544 1256 si
557 1217 614 1256 nec
632 1199 729 1256 causis
742 1217 798 1257 nec
811 1197 942 1275 personis
956 1198 1055 1256 variet.
1097 1198 1134 1256 In

125 1285 148 1328 1⁰
157 1281 175 1312 “
186 1278 232 1336 his
255 1278 345 1352 enim,
359 1296 423 1353 que
438 1287 601 1334 asserantur
622 1278 653 1335 in
676 1278 850 1346 libertatem,
874 1277 942 1353 quia
955 1277 1047 1352 quivis
1068 1276 1134 1368 lege

157 1360 273 1434 “agere
296 1357 396 1434 possit,
410 1356 440 1415 id
460 1357 538 1433 juris
547 1375 630 1414 esse:
651 1356 681 1414 in
695 1356 741 1429 ed,
755 1376 819 1432 quse
833 1357 863 1414 in
881 1356 970 1433 petris
983 1375 1073 1414 manu
1087 1367 1134 1432 srt,

157 1437 337 1494 “neminem
366 1455 430 1494 esse
456 1436 555 1504 elium,
583 1435 631 1494 cui
657 1435 792 1494 dominus
822 1436 1003 1512 possessione
1038 1435 1133 1496 cedat.

156 1516 311 1576 “Placere
325 1516 423 1591 itaque
449 1524 560 1590 patrem
573 1515 699 1572 arcessi:
720 1515 832 1572 interea
843 1515 914 1590 juris
927 1515 972 1582 sui
990 1515 1134 1592 jacturam

156 1603 364 1654 “assertorem
385 1593 565 1661 nonfacere,
586 1589 758 1668 quin‘du'cat
770 1593 906 1668 puellam,
921 1593 1135 1669 sistendamque

123 1687 148 1727 1⁵
158 1678 179 1706 “
192 1675 225 1732 in
240 1674 397 1730 adventum
420 1672 493 1748 ejus,
507 1671 557 1747 qui
576 1682 657 1746 pater
670 1672 795 1745 dicatur,
808 1671 984 1747 promittat.”
1026 1672 1137 1730 Adver-

155 1771 206 1811 sus
214 1752 354 1828 injuriam
362 1751 472 1809 decreti
486 1769 574 1826 quum
586 1751 669 1810 multi
682 1751 775 1827 magis
789 1751 953 1824 demerent,
961 1747 1048 1827 qudm
1061 1750 1138 1826 quis·

155 1851 245 1908 quem
259 1850 335 1889 unus
355 1848 492 1888 recusare
514 1831 653 1900 auderet;
674 1829 707 1888 P.
718 1830 913 1905 Numitorius,
926 1829 1030 1906 puelle
1050 1847 1138 1889 avun-

152 1911 253 1980 culus,
269 1920 299 1968 et
322 1928 445 1986 sponsus
469 1908 581 1978 Icilius,
606 1909 820 1968 interveniunt:
848 1910 970 1984 datique
992 1909 1138 1968 intertur-

157 1990 228 2048 bam
241 1990 298 2062 vid,
307 2008 396 2064 quum
407 1987 562 2047 multitudo
570 1987 648 2047 Icilii
657 1987 784 2046 maxime
793 1989 956 2047 interventu
966 1987 1061 2048 resisb'
1071 2005 1136 2064 pos-

124 2069 151 2126 ω’
158 2088 190 2128 se
205 2069 305 2146 Appio
316 2068 455 2136 crederet,
473 2067 558 2142 lictqr
580 2077 599 2106 “
611 2068 745 2127 decresse
756 2068 774 2097 '‘
789 2068 849 2126 ait:
873 2068 1136 2144 vociferantemque
1170 2087 1174 2092 ’

157 2148 278 2240 lollium
303 2148 460 2239 submoyet.
500 2147 651 2285 Piissldum
667 2148 962 2285 lquoquebiugppium
983 2159 1041 2284 tpm
1055 2158 1137 2208 atrox

145 2229 1137 2384 ¹¹¹1...²⁰⁰,Vt....sistit¹..⁸l.³¹¹.⁰t.⁰¹¹vt⁸,d.“t

157 2388 247 2464 “ego
261 2386 338 2444 hauc
360 2405 426 2444 sum
448 2387 598 2463 ducturus,
616 2396 736 2462 nuptam
759 2385 952 2461 pudicamque
976 2385 1136 2446 habiturus.

125 2469 177 2525 as“
188 2465 317 2524 Proinde
340 2483 443 2532 omnes
467 2465 643 2540 collegarum
664 2482 778 2539 quoque
790 2464 907 2522 lictores
920 2482 1067 2534 convoca3
1086 2483 1138 2524 ex·

134 2577 137 2584 .
160 2555 180 2584 “
189 2545 285 2622 pediri
305 2544 402 2622 virgas
425 2553 455 2601 et
468 2560 586 2600 secures
597 2542 687 2618 jube:
707 2559 767 2598 non
783 2542 912 2599 manebit
925 2551 1007 2598 extra
1019 2539 1137 2601 dbmum

160 2623 280 2702 “patris
293 2641 401 2702 sponse
414 2621 500 2680 Icilii.
541 2619 621 2692 Non,
642 2620 667 2676 si
678 2617 868 2677 tribunicium
882 2618 1020 2677 auxilium
1033 2629 1064 2678 et
1075 2637 1139 2695 pro·

161 2713 180 2743 ‘⁸
191 2703 384 2770 vocationem,
398 2700 476 2777 plebi
501 2699 644 2758 Romanae
665 2698 737 2756 duas
752 2715 835 2756 arces
857 2697 997 2756 libertatis
1010 2699 1137 2770 tuende,

161 2787 180 2817 “
194 2782 352 2855 ademistis,
367 2781 439 2838 ideo·
446 2780 477 2837 iu
491 2779 597 2836 liberos
609 2795 722 2852 quoque
736 2786 852 2836 nostros.
866 2778 1061 2855 conjugesque
1074 2797 1139 2858 reg·

128 2871 263 2928 so“num
284 2871 385 2919 vestrae
407 2857 523 2918 libidini
544 2858 643 2915 datum
667 2867 719 2914 est.
762 2856 867 2914 Saevite
891 2857 921 2915 in
935 2867 1048 2934 tergum
1062 2869 1092 2938 et
1105 2861 1136 2920 in

111 2979 114 2982 -
161 2938 321 3000 “cervices
333 2949 463 2997 nostras:
483 2935 625 3013 pudicitia
637 2936 739 2998 saltent
756 2935 787 2994 in
800 2946 862 2995 tuto
875 2937 921 2994 sit.
962 2937 1043 2998 Huic
1056 2940 1080 2998 si
1094 2940 1138 3000 vis

162 3029 183 3058 ‘⁸
195 3017 342 3091 afferetur,
355 3036 409 3094 ego
420 3016 606 3094 praesentium
619 3014 780 3077 Quiritium
793 3035 845 3092 pro
857 3017 971 3093 spousi,
985 3017 1137 3096 Virginius
1230 3017 1235 3027 ⁴

164 3101 183 3132 “
194 3096 318 3156 militum
338 3114 390 3173 pro
410 3097 497 3155 uniet
510 3096 581 3164 filis,
593 3113 695 3154 omnes
711 3095 839 3154 Deorum
853 3096 1069 3175 hominumque,
1084 3099 1137 3160 im·

163 3175 366 3254 “plorabimus
386 3175 474 3234 fidem
486 3195 498 3233 ε·
515 3194 609 3252 neque
629 3185 661 3233 tu
674 3175 751 3233 istud
770 3190 897 3252 unquam
911 3176 1059 3237 decretum
1071 3180 1138 3247 sine

130 3257 276 3324 amede
292 3257 389 3315 nostre
411 3255 528 3337 reseres.
563 3254 696 3328 .Postulo,
718 3254 806 3331 Appi,
828 3255 916 3314 etlam
939 3266 1024 3333 atque
1046 3259 1136 3320 etiam

164 3334 368 3402 “consideres,
393 3333 449 3410 qud
473 3333 665 3410 progrediere.
706 3333 857 3412 Virginius
879 3335 993 3410 viderit,
1016 3338 1135 3409 defflis,

164 3424 186 3474 “,
196 3415 246 3473 ubi
269 3413 390 3486 venerit,
403 3411 473 3487 quid
494 3422 572 3488 agat.
611 3413 678 3472 Hoc
698 3411 810 3472 tuntum
832 3413 914 3487 sciat,
935 3415 1000 3484 sibi,
1011 3417 1036 3474 si
1050 3417 1137 3491 hujus

164 3497 184 3528 “
196 3491 330 3552 vindiciis
344 3491 473 3559 cesserit,
487 3490 683 3551 conditionem
696 3491 762 3552 ffliae
778 3494 962 3568 querendam
975 3512 1056 3551 esse:
1077 3508 1135 3558 me,

155 3581 185 3640 ,“
196 3571 393 3630 vindicantem
416 3589 550 3649 sponsam
570 3572 603 3644 in
627 3572 797 3643 libertatem,
825 3571 883 3631 vite
906 3570 991 3632 citius
1014 3569 1135 3638 deseret,

129 3649 395 3730 n“qudmfidcs.”
699 3685 701 3688 ·
1065 3659 1077 3676 “
