2556 4314
500 311 606 362 LIBER
622 312 668 363 vl.
686 323 749 362 car.
766 327 824 361 xvr.
944 350 951 361 ,
1087 314 1146 372 139

170 467 189 496 “
200 456 270 526 diat,
281 473 339 514 neo
350 455 487 513 adversus
495 454 616 515 Latinos
626 455 837 530 Hernicosque,
848 471 920 530 quos
929 451 1007 514 ltlsis
1018 452 1145 516 criruiui-

169 546 188 575 “
200 539 255 596 bus
269 537 300 594 in
315 554 395 594 arma
409 545 506 611 agant,
521 536 572 592 sed
587 536 723 592 adversus
743 554 774 592 se
788 553 823 591 ac
840 534 955 610 plebem
968 533 1143 605 Romanam,

169 617 588 676 “dictatoremcreatumesse.
609 613 798 686 Jam‚omisso
806 613 1144 690 bello,quodsimulatum

169 705 189 732 ‘⁸
202 696 249 766 sit,
264 695 294 753 in
309 714 340 752 se
354 695 493 770 impetum
503 693 584 751 fieri:
602 693 662 770 jam
674 694 843 752 dictatorem
853 693 979 769 profiteri
993 691 1146 769 patrocini·

144 784 190 824 ⁵“
201 794 252 832 urn
267 774 469 832 faeneratorum
481 774 617 830 adversus
630 773 744 848 plebem
757 792 763 830 :
775 773 835 848 jam
848 772 904 830 sibi
915 792 952 832 ex
966 773 1061 832 farore
1075 773 1147 834 mul-

170 854 334 912 “titudinis
358 853 469 911 crimen
491 861 520 911 et
541 852 700 928 perniciem
721 853 819 927 quari.
860 851 1023 922 Offenditx’
1044 851 1147 928 inquit,

171 937 190 965 “
201 943 241 1001 te,
255 934 293 990 A.
308 932 437 1006 Corneli,
450 950 566 1006 vosque,
581 931 680 988 Patres
694 931 861 1008 conscripti,
872 931 1050 990 circumfusa
1063 932 1148 990 turba

170 1011 284 1069 “lateri
308 1015 397 1070 meol
445 1009 529 1072 Quin
550 1029 615 1068 eam
640 1011 779 1068 diducitis
800 1030 817 1068 a
840 1029 887 1068 me
911 1011 1019 1088 singuli
1046 1011 1147 1070 vestris

169 1098 189 1126 “
201 1090 360 1163 beneficiis,
376 1090 594 1158 intercedendo,
608 1091 763 1148 eximendo
783 1091 819 1148 de
833 1107 923 1149 nemo
935 1091 1014 1149 cives
1028 1102 1147 1164 vestros,

135 1184 159 1225 ιο
170 1169 377 1245 “prohibendo
394 1169 540 1246 judicatos
554 1168 740 1245 addictosque
762 1169 841 1239 duci,
856 1189 893 1228 ex
906 1189 950 1238 eo,
965 1171 1041 1246 quod
1055 1170 1147 1230 affluit

171 1249 303 1325 “opibus
328 1249 440 1322 vestris,
468 1249 639 1308 sustinendo
664 1250 854 1308 necessitates
884 1250 1030 1310 alioruml
1085 1250 1145 1308 Sed

171 1337 190 1366 ‘⁶
198 1329 267 1404 quid
280 1348 336 1406 ego
349 1347 409 1403 vos,
423 1330 460 1386 de
474 1339 567 1386 vestro
580 1327 763 1405 impendatis,
774 1330 890 1388 hortor‘l
931 1331 1045 1388 Sortem
1059 1328 1145 1388 aliam

170 1412 190 1440 “
199 1407 287 1468 ferte:
309 1410 345 1466 de
360 1408 455 1486 capite
469 1407 615 1476 deducite,
629 1410 703 1484 quod
726 1409 821 1468 usuris
833 1420 1069 1485 pernumeratum
1082 1419 1144 1467 est:

171 1493 191 1524 ⁸⁶
200 1487 259 1564 jam
273 1489 365 1548 nihilo
377 1507 443 1546 mea
456 1489 551 1561 turba,
571 1487 658 1563 quarn
672 1488 768 1557 ullius,
783 1490 965 1564 conspectior
978 1490 1041 1548 erit.
1085 1488 1145 1546 ‘At

134 1589 160 1630 15
170 1568 313 1637 “‘enim,
328 1568 396 1644 quid
417 1568 458 1626 ita
472 1568 549 1627 solus
571 1586 628 1644 ego
661 1567 767 1624 civium
803 1587 902 1626 curam
935 1569 1030 1644 agol’
1053 1567 1145 1628 nihilo

172 1650 192 1678 “
203 1647 307 1724 magis,
319 1648 395 1722 quod
415 1647 614 1724 respondeam,
637 1646 740 1720 habeo,
752 1646 838 1723 quarn
852 1647 876 1704 si
889 1665 1009 1723 quares,
1023 1646 1092 1721 quid
1106 1646 1147 1705 ita

172 1730 192 1757 “
204 1726 281 1784 solus
294 1726 467 1803 Capitolium
481 1745 634 1802 arcemque
646 1727 826 1784 servaverim.
868 1725 907 1784 Et
918 1736 980 1784 tum
995 1724 1146 1794 universis,

172 1809 289 1880 “quam
312 1806 402 1882 potui,
423 1826 506 1883 opem
527 1805 591 1879 tuli,
615 1816 645 1864 et
665 1807 746 1866 nunc
767 1805 888 1882 singulis
915 1805 1015 1863 feram.
1068 1804 1146 1862 Nam

173 1885 279 1961 “quod
301 1887 338 1942 ad
362 1887 511 1946 thesauros
534 1886 662 1945 Gallicos
687 1885 799 1953 attinet,
822 1903 894 1959 rem,
919 1885 1021 1961 sulpte
1042 1884 1145 1942 natura

134 1967 191 2024 ω’*
204 1963 329 2038 facilem,
351 1966 499 2024 difficilem
523 1965 708 2042 interrogatio
732 1965 820 2022 facit:
842 1984 895 2023 cur
916 1965 993 2022 enim
1008 1963 1145 2040 queritis,

173 2053 193 2080 “
205 2045 281 2120 quod
295 2044 398 2102 scitisl
420 2064 482 2120 cur,
506 2045 582 2120 quod
604 2046 633 2103 in
648 2041 715 2103 sinu¹
737 2054 832 2103 vestro
855 2053 908 2118 est,
923 2045 1020 2103 excuti
1038 2044 1146 2120 jubetis

173 2132 193 2160 “
205 2122 310 2200 potitis,
328 2125 414 2200 quim
426 2125 549 2201 ponatis,
562 2124 620 2182 nisi
640 2125 735 2200 aliqua
749 2124 827 2183 fraus
840 2124 961 2182 subestl
1001 2121 1071 2187 Quo
1085 2137 1146 2184 ma·

172 2205 191 2234 “
199 2203 245 2280 gis
258 2204 339 2280 argui
352 2205 511 2282 praestigias
528 2205 637 2282 jubetis
656 2215 774 2272 vestras,
789 2203 825 2261 ed
845 2205 908 2280 plds
921 2223 1029 2271 vereor,
1044 2222 1082 2262 ne
1097 2203 1146 2260 ab-

170 2283 336 2341 “stuleritis
359 2284 577 2342 observantibus
600 2285 687 2342 etiam
711 2283 819 2342 oculos
871 2284 972 2360 Itaque
993 2302 1052 2342 non
1080 2301 1145 2359 ego,

134 2362 279 2421 s‘1v0bi·
292 2373 325 2420 ut
337 2362 465 2420 indicem
486 2363 598 2437 predas
618 2374 735 2433 vestras,
750 2363 801 2420 sed
820 2381 871 2422 vos
884 2364 913 2422 id
928 2363 1051 2440 cogendi
1065 2363 1145 2431 estis,

170 2450 233 2499 “ut
246 2441 277 2498 in
291 2441 421 2498 medium
433 2441 613 2516 proferatis.''
630 2438 681 2546 q(
896 2470 898 2474 ·

79 2581 124 2654 &s
210 2599 296 2658 XVI.
327 2598 430 2660 Quum
454 2599 568 2657 mittere
590 2602 726 2678 ambages
747 2601 870 2659 dictator
894 2600 1019 2677 juberet,
1041 2582 1071 2658 et
1098 2612 1147 2660 aut

207 2697 308 2755 regere
322 2697 422 2736 verum
444 2678 586 2736 indicium
600 2691 726 2756 cogeret,
742 2690 792 2737 aut
805 2679 887 2737 fateri
902 2679 1015 2736 facinus
1026 2678 1147 2756 insimu-

168 2697 218 2818 lbeti
233 2758 304 2817 falso
318 2757 440 2816 crimine
455 2760 580 2832 senatds,
600 2759 759 2835 oblataeque
774 2759 840 2816 vani
859 2759 926 2817 fimi
940 2759 1075 2830 invidiae3
1097 2779 1146 2819 ne·

134 2840 295 2914 ”gamem
312 2837 436 2974 prbitrio
456 2837 641 2898 inimicorum
663 2839 889 2976 seJlocutqum,
903 2838 933 2896 in
948 2839 1063 2898 vincula
1076 2841 1144 2901 duci

171 2917 177 2928 “
231 2917 237 2929 “
538 2917 543 2929 ⁸
665 2923 684 2951 ll
756 2919 762 2930 ”
869 2919 875 2930 ’
938 2919 944 2931 ⁸
997 2925 1016 2952 ‘C
1087 2921 1093 2933 ⁸

156 2927 635 3074 {tannathsara
650 3017 685 3056 t
699 2929 842 3072 rata„
855 2929 1009 3075 stain
1022 2919 1145 3062 tra

170 3083 189 3112 ‘⁸
202 3093 292 3149 aque,
306 3076 355 3151 qui
370 3075 545 3153 Capitolium
567 3097 720 3153 arcemque
742 3079 877 3154 incolitis,
892 3079 1003 3139 siccine
1017 3093 1143 3140 vestrum

169 3155 321 3214 “militem
343 3174 379 3214 ac
401 3157 552 3233 presidem
577 3157 671 3216 sinitis
692 3158 789 3234 vexari
813 3159 851 3216 ab
871 3160 1025 3218 inimicis?
1068 3162 1143 3221 Haeo

133 3237 160 3280 ³⁵
169 3237 189 3267 “
198 3235 311 3310 dextra,
325 3236 383 3311 qud
396 3237 495 3294 Gallos
516 3235 577 3295 fudi
601 3238 760 3296 adelubris
778 3239 888 3309 vestris,
900 3240 960 3317 jam
975 3241 1006 3300 in
1019 3241 1144 3301 vinculis

170 3323 227 3372 “et
240 3316 351 3372 catenis
375 3315 451 3374 eritl
465 3318 481 3344 ’³
523 3315 641 3375 Nullius
659 3335 716 3376 nec
728 3319 806 3376 oculi
820 3337 876 3378 nac
890 3339 975 3378 aures
987 3321 1150 3398 indignas

167 3403 226 3452 tem
247 3393 397 3453 ferebant:
419 3395 471 3452 sed
494 3395 603 3454 invicta
616 3397 671 3454 sibi
691 3399 822 3473 quaedam
843 3400 1053 3477 patientissima
1072 3400 1142 3476 justi
1192 3409 1201 3459 ¹,

167 3472 282 3548 imperii
304 3473 405 3531 civitas
429 3473 555 3532 fecerat:
577 3495 643 3545 nec,
658 3478 794 3536 adversus
812 3479 993 3539 dictatoriam
1011 3480 1079 3548 vim,
1093 3487 1144 3534 aut

167 3551 278 3611 tribuni
302 3552 394 3628 plebis
408 3563 458 3610 ant
479 3553 540 3629 ipsa
553 3554 634 3630 plebs
648 3557 775 3615 attollere
788 3559 888 3618 oculos
902 3568 952 3616 aut
965 3557 1079 3613 hiscere
1092 3571 1143 3610 au-

131 3631 286 3690 ⁴⁰debant.
328 3631 469 3710 Conjecto
492 3634 522 3692 in
544 3653 691 3695 carcerem
712 3637 833 3705 Manlio,
848 3637 916 3694 satis
929 3641 1050 3702 constat,
1065 3648 1144 3707 mag-

168 3731 237 3770 nam
257 3722 368 3789 partem
389 3712 482 3789 plebis
502 3724 609 3773 vestem
633 3716 772 3790 mutasse,
793 3717 895 3772 multos
908 3708 1042 3768 mortales
1056 3710 1144 3786 capil-

167 3792 227 3852 lum
242 3811 277 3851 ac
291 3791 409 3852 barbam
422 3794 596 3871 promisisse,
609 3796 844 3868 obversatamque
865 3785 1005 3848 vestibulo
1017 3791 1144 3851 carceris
