2556 4314
415 279 423 287 “
502 280 613 330 LIBER·
625 280 646 330 1.
663 293 727 332 crs.
744 296 771 342 n.
1086 279 1127 340 47

152 437 246 498 agere,
260 421 345 480 bonis
366 421 489 480 multare
510 433 631 500 poterat,
652 441 715 482 non
726 432 874 498 suspectos
893 420 978 480 modo
992 433 1041 480 aut
1052 419 1126 482 invi·

151 519 206 570 sos,
231 501 284 559 sed
308 502 389 559 unde
411 501 485 560 nihil
509 501 598 570 aliud,
611 502 706 576 'quim
728 503 864 577 praedsm,
885 519 1000 578 sperare
1018 513 1123 576 posset.

121 607 122 610 ¹
150 579 197 638 Ita
209 579 330 638 Petrum
353 580 499 657 precipue
523 599 646 639 numero
669 581 831 649 imminuto,
856 579 957 638 statuit
978 580 1070 636 nullos
1093 582 1125 640 in

149 657 252 718 Patres
276 660 391 736 legere3
412 659 469 736 qub
492 659 684 735 contemptior
706 661 852 735 paucitate
874 659 936 734 ipsi
958 659 1028 718 ordo
1041 671 1125 732 esset,

111 749 124 788 ⁵
148 737 308 814 minusque
321 758 372 815 per
385 758 416 797 se
429 739 501 796 nibil
516 739 563 815 agi
587 739 817 815 indignarentur.
859 738 920 797 Hic
933 737 1013 795 enim
1026 755 1127 814 regum

146 818 264 893 primus
282 819 419 876 traditum
443 818 622 894 aptioribus
641 835 753 876 morem
773 819 811 876 de
835 817 972 876 omnibus
993 827 1127 876 senatum

147 897 323 955 consulendi
337 898 436 956 solvit:
457 897 623 956 domesticis
637 896 766 955 consiliis
779 897 990 973 rempublicam
1003 896 1128 970 admini-

148 976 265 1034 stravit:
288 977 405 1050 bellum,
425 995 539 1052 pacem,
561 976 681 1050 foedera,
695 976 848 1034 societates
861 995 913 1050 per
926 994 958 1033 se
971 975 1043 1051 ipse,
1059 993 1127 1034 cunr

148 1053 254 1128 quibus
269 1055 365 1126 voluit,
380 1055 491 1132 injussu
512 1055 610 1130 populi
632 1074 667 1112 ac
691 1056 816 1124 senetfis,
840 1054 920 1129 fecit,
942 1053 1124 1130 diremitque.

112 1143 137 1182 1⁰
148 1133 319 1191 Latinorum
333 1135 388 1191 sibi
412 1134 536 1191 maxime
560 1144 677 1210 gentem
702 1134 886 1201 conciliabat,
911 1144 943 1191 ut
962 1135 1125 1210 peregrinis

147 1231 262 1286 quoque
285 1212 389 1288 opibus
411 1213 498 1271 tutior
520 1213 598 1272 inter
624 1213 704 1270 cives
730 1224 815 1271 esset.
869 1213 973 1288 Neque
1001 1213 1126 1288 hospitia

147 1289 236 1350 modo
248 1310 316 1349 cum
337 1291 509 1367 primoribus
522 1311 632 1360 eorum,
648 1293 699 1350 sed
718 1292 871 1352 affinitates
885 1309 1009 1368 quoque,
1020 1291 1125 1368 junge·

145 1369 208 1428 bet.
249 1370 371 1429 Octavio
385 1371 517 1428 Mamilio
530 1371 702 1430 Tusculano
727 1371 765 1442 (is
777 1371 864 1447 louge
875 1371 1012 1448 princeps
1025 1371 1123 1430 Latini

145 1449 276 1506 nominis
297 1461 369 1518 erat,
384 1451 409 1506 si
432 1451 517 1508 sarnae
540 1450 695 1518 credimus,
720 1451 756 1507 ab
779 1451 880 1526 Ulysse
894 1451 1014 1526 Detque
1035 1450 1124 1510 Circe

110 1526 316 1606 moriundos),
331 1529 359 1586 ei
373 1528 505 1586 Mamilio
515 1528 607 1586 filiam
629 1540 752 1604 nuptum
765 1530 833 1599 dat3
854 1549 962 1604 perque
981 1548 1031 1588 eas
1052 1549 1125 1606 nup·

142 1607 207 1664 tias
220 1606 327 1664 multos
337 1607 393 1663 sibi
407 1616 545 1684 cognatos
558 1607 723 1682 amicosque
736 1607 799 1688 ejus
811 1608 958 1666 conciliat.

99 1825 103 1833 ,
190 1764 224 1821 L.
246 1763 314 1820 Jam
328 1781 435 1840 magna
449 1763 603 1838 Tarquinii
627 1763 781 1838 puotqritss
793 1761 869 1821 inter
882 1763 1051 1821 Latinorum
1064 1784 1129 1842 pro·

80 1837 101 1874 ‘t
145 1861 233 1901 ceres
245 1853 325 1912 erat3
347 1861 447 1916 quum,
462 1843 494 1900 in
515 1842 594 1899 diem
616 1853 725 1900 certem
750 1852 781 1899 ut
794 1843 831 1899 ad
849 1843 948 1900 lucum
963 1843 1126 1902 Ferentium

145 1922 335 1994 conveniant,
349 1921 471 1978 indicit:
493 1940 567 1993 esse,
589 1941 653 1996 quae
667 1940 753 1996 egere
771 1923 807 1978 de
821 1921 908 1978 rebus
922 1923 1125 1982 communibus

108 2013 135 2056 so
144 2000 227 2058 velit.
269 2000 454 2057 Conveniunt
468 1999 633 2074 frequentes
647 2001 739 2076 primi
752 2000 835 2058 luce:
857 2001 919 2076 ipse
943 2001 1123 2076 Tarquinius

146 2081 229 2139 diem
253 2079 369 2154 quidem
390 2079 530 2147 servavit;
552 2080 602 2136 sed
617 2078 702 2156 paul&
717 2080 794 2147 ante,
808 2078 895 2154 quiam
909 2081 949 2138 sol
963 2081 1121 2148 occideret,

108 2183 111 2190 ·
144 2159 236 2216 veuit.
278 2158 374 2216 Multa
386 2159 426 2215 ibi
446 2160 504 2216 toti
518 2159 565 2215 die
591 2159 621 2216 in
635 2159 760 2217 concilio
777 2159 863 2216 variis
874 2159 982 2235 jactata
996 2180 1124 2219 sermon·

145 2237 216 2295 ibus
229 2248 317 2295 eraut.
360 2237 480 2294 Turnus
504 2237 674 2295 Herdonius
698 2239 735 2295 eb
757 2237 858 2296 Ariete
882 2239 1014 2297 ferociter
1029 2240 1059 2296 in
1073 2241 1123 2298 ab·
1196 2264 1199 2275 ,

146 2326 262 2374 sentem
282 2316 474 2391 Tarquinium
506 2326 568 2374 erat
587 2317 739 2386 invectus3
774 2321 793 2348 “
805 2317 895 2375 Haud
918 2318 1024 2374 mirum
1048 2337 1123 2391 esse,

111 2399 168 2451 25“
183 2395 314 2471 Superbo
337 2396 461 2454 inditum
489 2395 593 2453 Romae
620 2396 815 2472 cognomen.'’
871 2395 952 2472 (Jarn
978 2397 1057 2453 enim
1084 2397 1125 2454 ita

96 2507 100 2516 .
147 2473 225 2531 ciam
238 2475 355 2549 quidem
377 2475 574 2547 mussitantes,
587 2473 673 2550 vulgo
697 2485 806 2540 tamen,
830 2492 899 2530 eum
917 2474 1122 2552 appellabant.)

148 2563 169 2589 ‘⁴
181 2553 231 2610 An
255 2555 411 2629 quidquam
435 2553 587 2628 superbius
610 2571 684 2624 esse,
706 2551 794 2626 quiam
816 2552 959 2608 ludificari
983 2551 1025 2606 sic
1039 2571 1125 2609 omne

148 2642 169 2668 “
181 2651 287 2690 nomen
302 2633 463 2691 Latinum?
484 2631 664 2706 principibus
687 2629 774 2706 longe
797 2631 833 2686 ab
847 2630 932 2686 domo
953 2628 1068 2702 excitis,
1082 2629 1124 2705 ip-

147 2715 168 2744 “
180 2730 253 2784 sum,
267 2712 316 2786 qui
330 2711 489 2770 concilium
502 2710 650 2777 indixerit,
662 2727 723 2768 non
733 2709 834 2766 adesse
847 2711 858 2764 i
879 2708 984 2766 tentari
997 2708 1125 2783 profectb

39 2802 45 2813 '
112 2791 357 2865 ewpatienriam,
389 2803 430 2864 ut,
455 2790 480 2847 si
509 2789 613 2868 jugum
637 2788 813 2863 acceperint,
838 2787 980 2859 obnoxios,
1003 2800 1122 2863 premat.

148 2874 168 2902 ‘⁴
180 2870 238 2927 Cui
252 2871 332 2938 enim
352 2890 411 2928 uon
436 2887 583 2944 apparere,
598 2869 734 2926 affectare
758 2887 826 2925 eum
849 2867 1001 2944 imperium
1024 2867 1054 2925 iu
1069 2869 1125 2926 La·

148 2957 168 2986 ‘⁶
177 2949 274 3007 tinosi
295 2948 384 3010 Quod
398 2949 422 3005 si
435 2949 480 3006 sui
494 2949 568 3005 bene
582 2948 759 3006 crediderint
772 2947 860 3015 cives,
875 2958 925 3004 sut
937 2947 962 3004 si
980 2948 1123 3005 creditum

147 3031 167 3060 “
177 3029 262 3099 illud,
289 3036 319 3084 et
340 3045 399 3085 non
422 3037 534 3103 raptum
557 3027 722 3103 parricidio,
737 3027 783 3099 sit,
804 3027 924 3085 credere
947 3036 977 3084 et
1004 3024 1123 3087 Latinos

149 3115 169 3143 ‘⁶
183 3106 371 3183 (quamquam
385 3125 422 3164 ne
436 3107 478 3164 sio
502 3106 620 3181 quidem
634 3106 818 3184 alienigene)
831 3106 946 3164 debere.
989 3106 1041 3163 Sin
1056 3125 1124 3165 suos

114 3200 139 3241 ss
149 3190 168 3218 “
179 3185 243 3261 ejus
256 3186 394 3260 poeniteat
422 3187 541 3262 (quippe
551 3186 601 3260 qui
622 3185 671 3242 aiii
685 3204 770 3260 super
785 3185 855 3242 aiios
869 3185 1060 3259 trucidentur,
1074 3205 1124 3243 ex-

150 3264 305 3322 “sulatum
329 3277 408 3334 eant,
430 3266 506 3323 bone
526 3265 683 3342 emittent),
695 3264 764 3340 quid
786 3263 846 3339 spei
870 3263 996 3332 melioris
1010 3262 1124 3322 Latinis

150 3343 336 3419 “portendit
378 3345 411 3401 Si
435 3361 466 3402 se
487 3344 615 3416 audiant,
640 3344 758 3401 domum
782 3361 864 3400 suam
887 3362 1030 3418 quemque
1054 3342 1124 3400 inde

150 3422 311 3480 “abituro
325 3442 331 3479 :
353 3441 447 3496 neque
464 3423 558 3499 magis
578 3423 778 3481 observaturos
791 3422 869 3479 diem
893 3422 1022 3494 concilii,
1036 3419 1125 3495 quim

149 3507 167 3534 “
180 3502 255 3578 ipse,
283 3501 332 3575 qui
356 3501 501 3574 indixerit,
525 3503 683 3562 observet.''
736 3501 811 3558 Haec
835 3510 921 3578 etque
943 3501 1000 3556 alie
1020 3498 1124 3554 eodem

115 3580 326 3657 ropertinentia
347 3580 501 3638 seditiosus
519 3581 753 3654 facinorosusque
781 3581 877 3651 homo,
898 3571 1124 3659 hisqueartibus

106 3721 109 3726 Δ
149 3679 219 3736 opes
234 3659 312 3718 domi
327 3669 440 3732 nactus,
454 3677 542 3734 quum
564 3659 689 3717 maxime
704 3659 867 3722 dissereret,
883 3657 1038 3712 intervenit
1053 3644 1127 3725 'lbr-

150 3737 274 3814 quiuius.
316 3737 347 3798 Is
360 3738 427 3797 finis
440 3738 563 3798 orationi
577 3737 639 3796 suit.
681 3736 786 3795 Aversi
798 3750 900 3791 ornnes
914 3728 950 3783 ad
971 3722 1128 3786 Tarqumr·
