2556 4314
520 310 642 400 *creua
658 311 702 360 IV.
719 323 783 360 css.
799 325 838 359 rr.
1122 307 1179 368 109

205 460 225 489 “
235 451 401 523 Pontifices,
427 469 562 526 augures,
584 443 713 512 Romulo
735 463 885 528 regnante,
908 451 979 509 nulli
1009 462 1108 510 erant:
1140 450 1177 508 ab

206 531 340 589 “Numa
364 531 505 606 Pompilio
529 531 620 587 creati
644 541 720 595 sunt.
761 533 875 588 Census
898 531 929 587 in
943 530 1066 603 civitate,
1080 541 1110 588 et
1130 529 1179 587 de·

207 609 358 684 “scriptio
372 609 568 667 centuriarum
590 609 791 683 classiumque,
806 628 865 667 non
879 619 959 666 erat:
980 609 1017 665 ab
1032 610 1093 666 Ser.
1107 608 1180 666 Tul·

209 698 229 725 “
238 688 278 746 lio
292 698 336 745 est
348 689 433 746 facta.
455 688 598 746 Consules
620 707 769 762 nunquam
780 687 912 745 fuerant:
934 687 1051 762 regibus
1063 687 1180 758 exactis,

183 769 230 808 ⁵“
242 767 331 824 creati
348 776 423 823 sunt.
459 766 615 824 Dictatoris
628 785 684 824 nec
706 767 858 842 imperium
874 785 930 824 nec
950 784 1058 823 nomen
1076 765 1181 823 suerat:

212 849 231 877 “
243 847 317 921 apud
327 843 498 922 patresjesse
512 845 609 920 coepit.
638 845 765 902 Tribuni
776 845 1001 921 plebis,·aediles‚
1020 853 1183 920 questores,

213 924 311 981 “nulli
320 934 420 980 erant:
436 924 598 981 institutum
608 934 662 997 est,
677 934 709 981 ut
719 924 830 983 fierent.
873 924 1062 982 Decemviros
1072 923 1185 999 legibus

211 1002 401 1058 “scribendis
415 1002 489 1060 intra
500 1004 601 1068 decern
614 1003 666 1060 hos
677 1022 769 1060 annos
780 1013 809 1060 et
822 1000 994 1070 creavimus,
1009 1013 1039 1060 et
1052 1021 1069 1059 e
1083 1001 1187 1078 repub-

209 1079 294 1136 “liet
307 1081 482 1138 sustulimus.
524 1080 602 1143 Quis
611 1081 733 1155 dubitat,
741 1081 821 1156 quin,
836 1081 867 1139 in
878 1091 1019 1140 eternum
1031 1081 1102 1138 urbe
1117 1099 1186 1138 con·

174 1161 198 1200 1⁰
210 1167 228 1195 “
241 1158 310 1231 dits,
322 1158 352 1215 in
361 1159 535 1216 immensum
546 1171 706 1232 crescente,
718 1180 791 1217 nova
802 1161 931 1235 imperia,
942 1161 1114 1226 sacerdotia,
1120 1159 1187 1236 J'ura

211 1247 229 1274 “
242 1239 373 1314 gentium
384 1239 591 1313 hominumque
603 1238 789 1296 instituantur
799 1242 810 1294 l
834 1239 900 1296 Hoc
911 1241 1016 1315 ipsum,
1027 1257 1065 1296 ne
1076 1257 1187 1297 connu-

211 1317 321 1374 “bium
345 1317 477 1374 Patribus
502 1336 569 1374 cum
592 1317 677 1406 plebe
701 1327 787 1384 esset,
809 1337 870 1374 non
885 1317 1042 1376 decemviri
1056 1317 1186 1376 tulerunt

212 1396 345 1492 “paucis
365 1396 411 1452 his
432 1397 528 1453 anuis
537 1396 663 1470 pessimo
684 1395 815 1484 exemplo
840 1396 965 1470 publico,
988 1415 1056 1454 curn
1071 1395 1186 1454 summfi

212 1483 231 1510 “
243 1474 350 1550 injuria
335 1474 477 1548 plebist
465 1473 568 1529 tAn
590 1492 654 1529 esse
668 1474 726 1529 ulla
740 1474 830 1562 major
845 1485 895 1530 aut
909 1475 1071 1550 insignitior
1085 1485 1187 1532 contu-

176 1552 447 1625 ¹⁵“meliapotest,
461 1549 549 1624 quarn
570 1561 681 1625 perlem
704 1551 838 1623 civitatis,
859 1553 937 1609 velut
950 1553 1186 1627 contaminatam,

215 1630 397 1718 “indignam
421 1627 568 1686 connubio
592 1629 714 1686 haberit
755 1598 838 1691 Quid'
852 1640 896 1686 est
922 1631 1010 1702 aliud,
1031 1629 1117 1705 quam
1141 1651 1189 1688 ex·

216 1707 344 1764 “silium
371 1707 447 1764 intra
474 1708 575 1764 eadem
609 1707 724 1778 moenia,
752 1708 836 1783 quam
863 1708 1080 1799 releQem,
1105 1710 1186 1784 petil

215 1785 292 1842 “Ne
320 1785 517 1858 affinitatibus,
541 1805 579 1843 ne
605 1785 865 1876 propinquitatibus
892 1807 1115 1860 immisceamur,
1144 1807 1190 1846 ca-

214 1869 332 1934 “vent;
361 1884 399 1921 ne
421 1865 547 1923 societur
568 1866 694 1941 sanguis
744 1865 850 1928 Quidt
880 1867 936 1923 hoc
964 1867 987 1923 si
1014 1866 1114 1941 polluit
1140 1886 1191 1925 no·

175 1906 384 2001 2⁰“bilua'tem
422 1944 506 2001 istam
545 1954 679 2012 vestram,
711 1963 797 2018 quam
829 1945 958 2020 plerique
995 1945 1109 2004 oriundi
1153 1965 1190 2004 ex

215 2023 370 2082 “Albanis
394 2033 423 2080 et
447 2023 572 2095 Sabinis,
586 2041 645 2081 non
668 2042 776 2099 genere
803 2043 858 2080 nec
880 2024 1031 2100 sanguine,
1059 2025 1110 2082 sed
1137 2044 1188 2100 per

216 2109 236 2137 “
249 2102 457 2182 ccoffinturnem
479 2103 510 2162 in
535 2101 634 2160 Patres
658 2103 780 2176 habetis,
805 2113 854 2160 aut
868 2103 905 2161 ab
918 2103 1035 2179 regibus
1048 2103 1127 2176 lecti,
1139 2114 1189 2161 aut

216 2189 310 2256 “post
332 2201 415 2256 reges
438 2192 554 2239 exactos
572 2182 654 2258 jussu
668 2183 787 2258 populi;
808 2183 952 2242 sinceram
972 2201 1084 2240 servare
1097 2183 1190 2258 priva·

214 2268 232 2295 “
246 2259 281 2316 tis
296 2261 423 2318 consiliis
447 2281 504 2318 non
527 2261 672 2337 poteratis,
698 2280 755 2318 nec
777 2263 912 2320 ducendo
936 2261 1080 2337 explebe,
1095 2279 1189 2336 neque

143 2375 146 2382 Δ
178 2344 205 2383 25
215 2341 234 2368 “
247 2349 352 2396 vestras
365 2339 438 2397 filias
452 2360 618 2415 sororesque
632 2341 760 2398 enubere
775 2340 897 2398 sinendo
910 2359 927 2396 e
941 2340 1075 2397 Patribus
1087 2343 1099 2395 l
1130 2341 1190 2398 Ne·

215 2426 234 2453 “
246 2435 295 2476 mo
304 2418 436 2494 plebejus
449 2419 576 2494 patriciaez
591 2419 694 2494 virgini
709 2419 767 2474 vim
781 2419 914 2475 afferret:
936 2419 1122 2493 patriciorum
1136 2419 1190 2476 ista

214 2501 232 2526 “
243 2495 334 2554 libido
348 2508 410 2554 est:
432 2516 519 2554 nemo
533 2497 654 2553 invitum
667 2497 831 2572 pactionem
845 2496 1005 2571 nuptialem
1018 2515 1190 2570 quemquam

215 2584 234 2611 “
246 2575 342 2634 facere
356 2575 509 2650 coegisset.
550 2573 661 2631 Verum
683 2575 831 2632 enimvero
844 2575 909 2648 lege
932 2574 962 2628 id
982 2574 1137 2647 prohiberi,
1162 2586 1191 2635 et

215 2663 234 2690 “
247 2655 428 2713 connubium
441 2653 504 2710 tolli
527 2652 644 2709 Petrum
665 2672 699 2709 ac
713 2652 815 2728 plebis,
830 2653 860 2708 id
874 2653 992 2709 demum
1006 2653 1193 2712 contumelio-

179 2739 311 2791 ³⁰“sum
324 2734 402 2809 plebi
416 2743 477 2790 est·
500 2751 552 2790 cur
566 2732 643 2789 enim
669 2751 728 2789 non
749 2731 896 2808 confertis,
912 2750 949 2788 ne
963 2731 1000 2789 sit
1013 2732 1191 2791 connubium

216 2813 382 2870 “divitibus
406 2832 441 2870 ac
458 2811 654 2888 pauperibus?
642 2797 823 2871 Quod‘
811 2811 984 2886 privatorum
1006 2812 1190 2871 consiliorum

216 2892 354 2980 “ubique
381 2910 492 2966 semper
517 2890 580 2962 suit,
608 2900 648 2958 ut,
677 2889 707 2947 in
729 2908 814 2964 quam
838 2890 944 2964 cuique
971 2890 1096 2950 foeminae
1123 2911 1192 2951 con-

157 3027 161 3034 ,
218 2973 237 3001 ‘¹
250 2971 376 3027 venisset
399 2970 526 3042 domum,
541 2969 683 3037 nuberet,
704 2987 741 3026 ex
762 2987 819 3043 qua
832 2980 935 3043 pactus
949 2979 1024 3027 esset
1037 2990 1079 3028 ιιι
1093 2967 1189 3040 domo,

220 3057 239 3084 “
253 3047 282 3104 in
259 3031 507 3107 matrimonium
530 3049 667 3117 duceret;
690 3047 719 3104 id
734 3065 783 3104 vos
807 3048 861 3104 sub
884 3047 957 3124 legis
979 3050 1191 3124 superbissima

180 3146 209 3186 ss
220 3129 239 3159 “
251 3127 366 3186 vincula
386 3129 541 3226 cqnjicitis‚
555 3127 613 3203 qual
627 3093 767 3185 diiimatis
781 3126 948 3184 societatem
969 3127 1094 3210 civilem,
1108 3131 1193 3188 duas·

218 3211 301 3283 “que
315 3227 351 3265 ex
364 3227 424 3265 una
438 3208 554 3265 civitate
575 3205 695 3263 faciatis.
738 3205 798 3261 Cur
812 3224 870 3262 non
885 3206 1013 3274 sancitis,
1029 3227 1066 3265 ne
1081 3208 1193 3267 vicinus

217 3290 237 3319 “
248 3287 369 3377 patricio
383 3288 420 3344 sit
432 3287 585 3362 plebejusl
606 3304 643 3341 ne
658 3277 785 3343 eodem
774 3284 877 3341 itinere
891 3287 959 3344 eatl
981 3304 1018 3342 ne
1033 3287 1111 3344 idem
1124 3306 1194 3344 con·

217 3370 236 3398 ⁴⁶
249 3367 356 3422 rivium
371 3365 471 3422 ineatl
494 3383 531 3421 ne
556 3363 586 3420 in
610 3363 670 3421 foro
693 3364 796 3421 eodem
814 3363 976 3422 consistatl
1018 3363 1099 3426 Quid
1114 3365 1192 3420 enim

218 3445 257 3481 “
251 3464 281 3501 m
295 3463 327 3501 re
348 3453 392 3500 est
413 3442 537 3510 aliud,'
516 3463 539 3498 sr
560 3442 703 3519 plebejam
716 3441 854 3519 patricius
868 3443 991 3514 duxerit,
1006 3443 1029 3499 si
1043 3440 1193 3516 patriciam

181 3543 209 3582 tc
220 3527 239 3554 “
249 3522 398 3598 plebejusl
419 3521 515 3596 quid
505 3521 577 3598 Juris
597 3523 715 3579 tandem
736 3523 886 3578 mutaturt
908 3537 1013 3592 nempe
1026 3525 1137 3590 patrem
1151 3532 1195 3569 se·

219 3605 240 3634 “
251 3613 378 3676 quuntur
391 3601 494 3658 liberi:
509 3620 564 3658 nec
567 3603 664 3675 ‚quod
678 3619 731 3658 nos
744 3619 782 3657 ex
795 3599 942 3657 connubio
950 3605 1043 3652 restro
1053 3598 1193 3664 petamus,

220 3684 240 3714 “
247 3681 404 3770 quidquam
418 3690 471 3748 est,
486 3691 674 3758 preterquam
688 3690 720 3738 ut
733 3678 895 3771 hominum,
909 3683 941 3730 ut
954 3669 1061 3726 civium
1075 3683 1196 3728 numero

581 3762 704 3846 ιοξ
