2556 4314
82 351 121 410 40
482 348 554 400 'rt‘rl
570 349 657 399 Ltvn

83 511 145 552 mor
160 493 239 566 inde,
261 512 479 570 concursusque
499 492 609 570 populi,
634 492 800 550 mirantium
824 491 894 567 quid
918 492 960 550 rei
973 503 1069 552 esset·

81 571 227 648 Tanaquil
250 573 323 630 inter
347 572 503 630 tumultum
516 572 615 629 claudi
628 571 738 648 regiam
749 571 841 648 jubet,
857 571 978 630 arbitros
1001 573 1059 648 eje-

81 651 141 709 cit:
164 651 259 720 simul,
274 670 337 726 quae
360 653 489 710 curando
512 652 623 709 vulneri
644 671 717 726 opus
731 661 808 724 sunt,
822 661 968 726 tamquam
990 670 1057 726 spes

82 731 224 804 subesset,
249 728 349 788 sedulo
376 741 542 806 comparat:
575 729 671 797 simul,
696 729 721 786 si
743 730 879 788 destituat
903 749 979 806 spes,
1002 730 1059 787 alia

80 810 215 886 praesidiu
237 810 361 867 molitur.
404 809 504 866 Servio
517 809 636 885 propere
651 808 746 866 accito
759 827 847 883 quum
861 828 944 884 paene
958 828 1060 867 exsan·
1080 818 1094 857 ⁵

82 907 170 965 guem
184 889 275 945 virum
296 889 489 957 ostendisset;
510 889 640 945 dextram
663 897 767 944 tenens
788 897 859 960 orat,
874 907 912 945 ne
937 889 1058 946 inultam

81 978 204 1026 mortem
231 967 334 1039 soceri,
361 986 399 1023 ne
426 986 541 1026 socrum
569 966 696 1023 inimicis
729 966 855 1024 ludibrio
881 985 946 1024 esse
973 967 1057 1025 sinat.

83 1055 102 1083 ‘⁶
114 1047 214 1104 Tuum
228 1046 301 1114 est,’'
314 1046 416 1119 inquit,
431 1051 449 1078 “
462 1046 553 1113 Servi,
568 1046 592 1102 si
604 1045 646 1102 vir
660 1064 702 1113 es,
716 1057 858 1122 regnum}
879 1065 938 1104 non
947 1065 1057 1116 eorum,
1125 1118 1127 1122 .

83 1126 163 1199 “qui
178 1125 280 1181 alienis
301 1125 436 1181 manibus
455 1126 611 1200 pessimum
633 1124 746 1181 facinus
768 1125 872 1182 fecere.
914 1125 1003 1202 Erige
1017 1136 1057 1198 te,

82 1204 249 1278 “Deosque
273 1204 363 1260 duces
377 1223 507 1277 sequere,
520 1205 569 1278 qui
583 1203 692 1260 clarum
707 1204 763 1261 hoc
784 1203 845 1261 sore
859 1215 947 1280 caput
959 1205 1058 1262 divino
1068 1219 1093 1257 ιο

82 1283 257 1358 “quondam
271 1282 447 1340 circumfuso
458 1283 519 1359 igni
532 1282 748 1358 portenderunt.
790 1282 821 1339 N
822 1301 881 1340 unc
894 1292 923 1340 te
936 1283 985 1340 illa
999 1303 1057 1341 coe·

80 1361 190 1419 “lestis
214 1361 321 1418 excitet
344 1361 477 1420 flamma:
499 1381 579 1438 nunc
600 1361 801 1437 expergiscere
825 1361 900 1420 vere.
942 1362 980 1420 Et
1004 1381 1056 1421 nos
1103 1415 1106 1420 ,

80 1440 257 1517 “peregrini
281 1441 472 1516 regnavimus.
513 1440 585 1501 Qui*
600 1441 649 1508 sis,
671 1460 731 1498 non
749 1441 828 1498 unde
852 1451 937 1498 natus
951 1441 1000 1514 sis,
1015 1461 1058 1499 re·

80 1524 99 1551 “
109 1529 186 1596 puta.
210 1520 242 1576 Si
256 1529 350 1578 tuere
365 1520 457 1577 subita
471 1520 592 1577 consilia
602 1528 726 1594 torpent,
739 1530 767 1576 at
781 1529 813 1577 tu
826 1539 892 1577 mea
905 1521 1056 1595 sequere.’'

78 1597 180 1658 Quum
205 1599 313 1656 clamor
337 1599 517 1674 impetusque
533 1598 726 1656 multitudinis
739 1598 787 1656 vix
800 1599 935 1656 sustineri
949 1611 1054 1675 posset,
1066 1623 1092 1661 15

78 1696 116 1734 ex
129 1678 274 1753 superiore
287 1689 367 1753 parte
382 1678 487 1736 aediurn
501 1697 552 1753 per
565 1678 716 1745 fenestras,
732 1678 762 1734 in
776 1677 890 1736 Novam
905 1679 981 1735 viam
995 1698 1057 1736 ver-

79 1776 126 1814 sas
141 1756 303 1834 (habitabat
326 1758 404 1815 enim
428 1777 479 1815 rex
493 1758 529 1814 ad
549 1757 631 1814 ¹Jovis
646 1756 793 1835 Statoris),
806 1757 944 1832 populum
959 1757 1057 1814 Tana·

78 1835 136 1909 quil
161 1836 332 1910 alloquiturr
350 1837 433 1912 jubet
457 1841 476 1868 “
487 1836 564 1893 bono
587 1836 684 1893 animo
704 1855 788 1906 esse;
823 1836 945 1909 sopitum
967 1835 1054 1892 finisse

80 1923 210 1989 “regem
235 1915 330 1972 subito
353 1916 433 1972 ictu:
455 1915 562 1972 ferrum
584 1914 662 1971 haud
687 1915 743 1971 alte
765 1915 796 1972 in
810 1932 913 1988 corpus
934 1915 1056 1971 descen·

79 1995 97 2023 “
109 1992 205 2049 disse:
224 1993 285 2068 jam
309 1994 346 2049 ad
370 2012 401 2050 se
424 1993 543 2050 redisse.
594 1993 763 2069 Inspectum
787 1993 899 2067 vulnus,
924 1994 1090 2050 abstersoac

79 2079 99 2108 ¹⁸
111 2089 222 2129 cruore.
263 2072 373 2130 Omnia
395 2073 523 2130 salubria
544 2092 626 2132 esse:
648 2073 805 2142 confidere,
819 2092 907 2149 prope
921 2073 999 2130 diem
1013 2073 1053 2148 ip·

79 2159 175 2208 “sum
198 2169 248 2208 eos
269 2152 387 2210 risuros
429 2152 550 2210 Interim
575 2153 675 2210 Servio
689 2152 789 2210 Tullio
799 2152 902 2229 jubere
915 2153 1051 2228 populum

80 2239 99 2266 “
111 2230 190 2287 dicto
204 2230 370 2288 audientem
384 2251 456 2289 esse.
478 2232 554 2290 Eum
566 2232 632 2309 jura
645 2232 835 2299 redditurum,
850 2233 1052 2305 obiturumque
1111 2292 1113 2296 ,

78 2312 96 2340 “
109 2308 164 2366 alia
178 2309 255 2385 regis
268 2311 368 2367 munia
392 2312 482 2369 esse.''
525 2313 643 2369 Servius
667 2331 734 2368 cum
748 2313 847 2369 trebel
861 2323 890 2369 et
903 2310 1052 2369 lictoribus

76 2388 191 2463 prodit3
213 2408 258 2457 ac,
273 2391 342 2446 sede
356 2390 435 2466 regia
449 2392 562 2460 sedens,
579 2392 635 2448 alia
655 2391 797 2464 deceruit,
812 2391 848 2447 de
863 2391 926 2447 aliis
940 2389 1089 2448 consul-2⁵

79 2476 175 2524 turum
202 2487 233 2525 se
260 2487 358 2544 regem
383 2488 446 2526 esse
471 2470 595 2528 simulat.
647 2469 759 2545 Itaque,
783 2489 834 2546 per
859 2470 966 2544 aliquot
990 2469 1089 2544 dies„

78 2544 181 2622 (quum
192 2547 251 2624 jam
263 2549 436 2624 exspirasset
446 2550 638 2629 Tarquinius)
649 2550 741 2607 celata
750 2562 851 2620 morte,
860 2569 911 2625 per
925 2549 1052 2624 speciem
1067 2550 1083 2630 ξ

77 2626 180 2684 alienae
194 2627 349 2704 fungendae
363 2628 436 2686 vicis
462 2649 529 2686 suas
549 2649 619 2705 opes
633 2629 772 2686 firmavit:
793 2640 862 2686 tum'
874 2630 989 2687 demum
1004 2646 1054 2703 pa·
1070 2668 1089 2714 5

75 2704 134 2762 lam
147 2705 234 2784 sacto,
249 2717 278 2764 et
299 2709 523 2782 comploratione
547 2709 578 2765 in
591 2709 671 2784 regia
691 2711 763 2775 ortel,
779 2708 905 2773 Servius,
920 2707 1054 2781 praesidic
1067 2715 1089 2751 ⁵³

75 2783 158 2842 firmo
171 2785 309 2859 munitus,
322 2787 432 2862 primus
445 2788 556 2864 injussu
576 2787 683 2863 populi,
699 2786 844 2842 voluntate
858 2785 976 2840 Patrum
990 2803 1054 2858 reg·
1069 2804 1082 2860 ,ν

76 2864 177 2920 navit„
213 2864 292 2922 Auci
315 2865 409 2940 liberi,
429 2867 564 2943 jamtum
588 2862 807 2938 comprehensis
830 2861 948 2918 sceleris
969 2859 1088 2941 mini-{2

78 2943 154 3016 stris,
174 2953 206 3002 ut
219 2943 314 3002 vivere
328 2963 437 3022 regem,
451 2956 481 3002 et
504 2954 598 3002 tantas
618 2961 683 2999 esse
697 2959 767 3016 opes
781 2940 874 2998 Servii
887 2941 1052 2998 nuntiatum
1063 2941 1088 3025 ᾖ

76 3031 130 3091 est,
146 3023 284 3083 Suessam
298 3024 457 3084 Pometiam
471 3023 632 3080 exsulatum
646 3021 747 3079 ierant.

115 3183 214 3242 XLII.
236 3185 302 3242 Nec
323 3185 382 3260 jam
397 3181 521 3258 publicis
545 3180 638 3256 magis
661 3178 790 3238 consiliis
814 3178 941 3250 Servius,
965 3178 1051 3251 quani

73 3262 202 3338 privatis,
216 3263 330 3320 munire
343 3281 431 3337 opes:
452 3271 482 3317 et
502 3279 551 3332 no,
573 3260 666 3334 qualis
688 3258 767 3316 Anci
791 3258 912 3314 liberum
937 3257 1088 3313 animosas

74 3341 212 3398 adversus
240 3341 433 3415 Tarquinium
461 3339 563 3406 fuerat,
591 3339 657 3396 talis
681 3338 817 3395 adversus
841 3356 874 3394 se
897 3335 1052 3410 Tarquinii

75 3419 196 3477 libertlm
210 3429 296 3492 esset,
307 3420 379 3476 duas
389 3418 463 3476 filias
474 3418 629 3496 juvenibus
642 3417 739 3495 regiis,
752 3416 844 3476 Lucio
859 3426 943 3490 atque
955 3416 1052 3472 Arun-

74 3499 97 3557 ti
112 3497 291 3574 Tarquiniis,
313 3498 420 3574 jungit.
462 3497 528 3560 Nec
551 3499 629 3574 rupit
649 3508 748 3555 tamen
773 3497 822 3554 fati
847 3497 1052 3553 necessitatem

72 3578 209 3638 humanis
231 3577 372 3652 consiliis,
393 3577 465 3652 quin
487 3577 597 3636 invidia
610 3578 704 3654 regni,
718 3577 807 3634 etiam
829 3576 903 3633 inter
918 3574 1053 3633 domesti-

74 3674 135 3730 cos,
159 3657 249 3715 infida
271 3653 369 3716 omnia
392 3667 477 3734 atque
498 3657 603 3716 infesta
623 3657 741 3718 faceret.
783 3649 1000 3732 Peropportune
1015 3651 1087 3709 adn

72 3737 222 3810 presentis
234 3737 361 3812 quietem
386 3738 474 3794 status
488 3737 596 3794 bellum
613 3755 680 3795 cum
696 3735 869 3812 Veientibus
885 3731 957 3810 (jam
971 3730 1049 3788 enim

74 3814 200 3876 inducie
213 3817 357 3898 exierant)
373 3815 493 3894 qliisque
514 3815 646 3877 Etruscis
670 3826 824 3894 sumptum.
867 3813 902 3870 In
926 3831 962 3870 eo
976 3807 1051 3866 bello
