2520 4310
69 325 131 386 ως
473 299 656 368 rrrrnrvrr'

71 471 131 523 “se
145 464 182 523 ad
195 462 309 522 Poenos.
339 461 481 538 Capuam,
495 460 572 535 quod
584 468 681 534 caput,
695 441 754 515 nori
768 454 940 532 Campaniae
954 456 1049 532 modo,

71 551 90 580 “
102 543 163 614 sed,
177 552 241 618 post
265 540 477 613 afflictamrem
490 534 655 596 Romanam
669 534 819 592 Cannensi
832 534 946 610 pugnat,
959 535 1050 594 Italia

71 623 90 652 “
101 621 148 692 sit,
160 619 319 677 Hannibali
334 637 366 676 se
379 613 540 676 tradidisse.
581 615 638 674 Pro
648 614 693 672 his
706 613 794 671 tantis
804 622 903 687 totque
914 613 1050 687 victoriis,

70 707 90 736 “
111 715 212 756 verum
226 715 300 764 esse,
309 707 407 800 {rates
417 695 490 754 Deis
503 692 713 754 immortalibus
726 691 981 787 agr-haberiquel'¹

110 853 183 914 XII.
205 854 253 910 Ad
279 853 366 910 fidem
390 852 496 910 deinde
518 862 577 909 tam
601 851 730 907 latarum
754 865 862 922 rerum,
886 847 999 905 effundi
1020 849 1052 907 in
1073 865 1087 902 ⁵

70 932 210 990 vestibulo
234 931 323 990 ouriae
344 931 429 1006 jussit
452 929 575 988 annulos
598 945 715 998 aureos;
746 925 795 1002 qui
808 935 907 983 tantus
929 944 1053 986 acervus

69 1007 133 1081 fuit,
148 1019 189 1078 ut,
214 1008 401 1066 metientibus
422 1007 574 1086 dimidium
598 1025 683 1082 super
705 1016 763 1063 tres
783 1003 895 1062 modios
907 1005 1051 1080 explesse,

68 1088 127 1144 sint
141 1087 257 1163 quidam
272 1096 413 1143 auctores.
440 1076 546 1142 ‘Fama
570 1085 672 1150 tenuit,
697 1101 761 1158 quae
785 1083 900 1158 propior
913 1101 980 1140 vero
993 1095 1046 1150 est,

69 1165 146 1222 haud
159 1165 224 1238 plus
239 1163 328 1221 suissc
342 1163 446 1242 modio.
488 1163 608 1240 Adjecit
622 1161 729 1218 deinde
743 1160 846 1232 verbis,
861 1159 917 1236 qud
930 1160 1046 1236 majoris

67 1241 159 1300 cladis
173 1242 314 1299 indicium
336 1252 421 1308 esset,
436 1242 593 1308 neminem,
615 1240 672 1297 nisi
696 1239 834 1315 equitem,
848 1248 931 1313 atque
945 1258 1046 1298 eorum
1055 1243 1083 1293 'ro
1107 1240 1109 1244 ‘

67 1319 660 1474 {lttttlllltrlttirttlttttt
681 1317 887 1471 liubmiafgi
899 1317 1049 1472 title

719 1442 728 1468 2

67 1475 254 1549 “juvandum
268 1476 465 1532 Hannibalem
479 1495 559 1532 esse:
581 1474 680 1550 procul
694 1475 774 1532 enim
793 1474 830 1530 ab
844 1473 932 1536 domo
952 1474 1049 1532 militi-

66 1553 144 1608 “am
159 1571 234 1621 esse,
250 1554 279 1610 in
305 1554 402 1611 media
415 1554 540 1612 hostium
555 1553 651 1612 terrd:
673 1571 809 1630 magnam
823 1551 884 1609 vim
899 1553 1047 1625 frumenti,

66 1637 84 1664 ‘¹
96 1630 239 1704 pecuniae,
251 1632 363 1690 absumi
375 1652 383 1690 r
396 1643 426 1689 et
439 1643 480 1690 tot
487 1633 575 1705 acies,
590 1644 622 1690 ut
632 1632 756 1690 hostium
766 1632 912 1690 exercitus
926 1631 1048 1704 delesse,
1059 1644 1085 1682 1⁵

67 1705 138 1764 “ita
160 1708 276 1767 victoris
299 1711 387 1768 etiam
407 1711 507 1786 copias
519 1721 600 1788 parte
625 1710 721 1785 aliqui
734 1710 885 1769 minuisse.
927 1709 1050 1768 Mitten·
1143 1733 1148 1742 ·

65 1786 167 1842 “dum
182 1785 269 1862 igitur
294 1790 525 1863 supplementum
548 1785 623 1858 esse,
638 1790 810 1847 mittendam
824 1789 855 1846 in
869 1789 1046 1864 stipend'urm

64 1864 260 1936 “pecuniam
287 1866 530 1944 frumentumque,
553 1879 612 1934 tarn
638 1867 713 1926 bene
739 1867 848 1926 meritis
867 1868 904 1923 de
925 1866 1047 1924 nomine
1082 1868 1083 1871 ’

64 1939 210 2006 “Punico
235 1943 404 2004 militibus.''
425 1959 429 1961 ·
446 1947 617 2000 Secundum
641 1949 704 1997 haec
728 1947 808 1997 dicta
821 1942 957 2016 Magonis
969 1944 1044 2000 laetis

63 2025 208 2093 omnibus,
233 2023 371 2091 Himilco,
387 2023 429 2081 vir
454 2021 586 2080 factionis
610 2019 752 2091 Barcinae,
774 2019 872 2077 locum
887 2019 1082 2080 Hannonisao

64 2103 234 2178 increpandi
248 2120 310 2157 esse
324 2113 410 2172 ratus,
426 2099 538 2161 “Quid
553 2111 605 2168 est,
622 2099 752 2157 Har'mot
765 2097 782 2126 ''
798 2097 911 2174 inquit:
928 2104 946 2132 “
955 2100 1044 2158 etiam

65 2191 176 2240 “nunc
200 2179 320 2256 poenitet
341 2179 408 2236 belli
433 2179 559 2254 suscepti
580 2178 717 2235 adversus
741 2177 914 2235 Romanosl
965 2179 1044 2236 Jube

65 2257 164 2316 “dedi
178 2257 393 2316 Hannibalem:
415 2257 523 2314 retain
537 2268 596 2336 tam
609 2257 753 2334 prosperis
766 2256 851 2314 rebus
865 2265 962 2332 grates
975 2256 1042 2314 Diis
1065 2299 1085 2330 0
1153 2327 1155 2332 Ι

65 2337 301 2396 “immortalibus
316 2337 379 2412 agi:
401 2337 552 2394 audiamus
566 2337 736 2394 Romanum
750 2344 915 2392 senatorem
926 2335 957 2392 in
972 2334 1044 2392 Gar·

65 2425 83 2452 ‘⁶
96 2415 321 2492 thaginiensium
335 2415 445 2474 curid.”
488 2413 568 2474 Tum
582 2415 709 2474 Hanno:
726 2413 930 2472 “Tacuissem
943 2413 1043 2486 hodie,
1054 2425 1091 2464 ao·

64 2492 195 2552 “Patres
220 2495 385 2570 consumpti,
408 2513 444 2552 ne
469 2494 548 2572 quid,
564 2495 594 2553 in
616 2493 764 2552 communi
777 2493 909 2551 omnium
924 2493 1042 2568 gaudio,

64 2573 189 2630 “mimis
202 2573 300 2630 laetum
314 2574 389 2650 quod
403 2583 479 2630 esset
492 2573 581 2645 vobis,
596 2572 746 2648 loquerer:
768 2589 848 2629 nunc
863 2569 1043 2648 interrogan-

64 2649 116 2706 “ti
130 2653 264 2724 senatori,
278 2652 453 2728 poeniteatne
475 2671 522 2708 me
547 2651 642 2708 adhuc
667 2650 794 2724 suscepti
819 2649 958 2726 aduersus
982 2649 1054 2709 Ros

64 2736 83 2764 ‘⁶
94 2745 195 2794 manos
219 2729 297 2796 belli,
312 2732 335 2788 si
349 2731 497 2800 reticeam,
519 2740 568 2786 aut
582 2729 722 2804 superbus
736 2739 786 2784 aut
804 2728 948 2786 obnoxius
962 2729 1041 2785 vide-

63 2819 83 2847 “
95 2827 144 2878 ar3
166 2827 287 2883 quorum
309 2809 429 2868 alterum
450 2819 494 2866 est
514 2808 639 2866 hominis
661 2807 763 2865 alienae
787 2793 929 2868 liberta‘tss
948 2806 1038 2878 obliti,
1050 2822 1077 2862 ao

63 2889 212 2946 “alterum
226 2904 295 2944 suae.
336 2887 543 2963 Respondeam
557 2887 643 2964 igitur
664 2884 838 2958 Himilconi,
852 2903 913 2945 non
931 2885 1040 2973 riesisse

62 2972 81 3001 “
93 2965 231 3043 poerritere
245 2983 292 3024 me
303 2965 380 3034 belli,
395 2985 489 3042 neque
504 2965 744 3030 desiturumante
758 2964 900 3023 invictum
915 2973 1046 3022 restrum·

62 3046 291 3120 “imperatorem
305 3044 448 3119 incusare,
470 3041 557 3120 quam
571 3045 684 3106 finitum
705 3043 801 3118 aliqud
814 3042 957 3102 tolerabili
971 3061 1041 3102 con-

62 3127 81 3157 “
93 3123 202 3184 ditione
216 3123 323 3182 bellum
337 3125 434 3188 videro
447 3145 460 3182 s
474 3135 531 3183 n'ec
545 3125 616 3185 mibi
630 3123 711 3199 pacis
722 3122 847 3196 antiquae
856 3121 1040 3188 “desiderium

62 3201 150 3262 “ulla
172 3202 229 3262 ulia
251 3221 306 3271 res,
331 3203 418 3279 quam
442 3224 499 3281 pax
519 3222 604 3270 nova,
626 3203 716 3260 finiet.
759 3201 860 3276 Itaque
884 3201 951 3266 ista,
974 3217 1076 3274 quaeat

61 3280 177 3342 “modo
210 3281 300 3360 Mago
324 3283 452 3359 jactavit,
478 3282 639 3344 Himilconi
664 3280 834 3355 caterisque
861 3277 1041 3339 Hannibalis
1124 3341 1126 3344 ,

61 3360 260 3423 “satellitibus
280 3363 340 3438 jam
364 3363 430 3422 laeta
453 3372 538 3422 sunt:
560 3361 631 3420 mihi
654 3367 774 3436 possunt
795 3360 948 3426 laetaesse,
972 3357 1040 3432 quia

62 3451 80 3482 “
92 3461 138 3502 res
152 3441 228 3502 bello
249 3441 323 3500 bene
337 3452 435 3518 gesta,
450 3439 475 3498 si
490 3440 621 3501 volumus
639 3439 754 3500 fortunat
769 3440 821 3512 uti,
835 3455 940 3514 pacem
955 3435 1040 3496 nobis

61 3526 80 3555 “
92 3521 245 3598 nquiorem
269 3521 398 3583 dabunt:
429 3537 496 3577 nam
518 3519 542 3576 si
564 3519 808 3593 pretermittimus
829 3519 886 3577 hoc
913 3527 1038 3591 tempus,

61 3607 149 3673 “quo
169 3599 261 3676 magis
285 3600 353 3658 dare
367 3595 454 3670 quim
478 3596 610 3670 accipere
634 3615 787 3672 possumus
811 3595 903 3656 rideri
923 3611 1038 3671 pacem,
1051 3612 1077 3652 ru

60 3677 80 3708 “
91 3694 200 3750 vereor,
213 3695 252 3736 ne
265 3677 329 3734 hec
342 3691 454 3749 quoque
467 3672 566 3732 letitia
578 3673 704 3750 luxuriet
724 3675 818 3744 uobis,
833 3693 870 3734 ac
884 3692 960 3744 vana
973 3691 1040 3733 era·

61 3761 80 3798 ¹⁶
90 3753 148 3815 dat.
189 3753 267 3824 Qua
280 3763 377 3818 nmen
390 3769 471 3812 nunc
491 3759 603 3836 quoque
616 3752 708 3836 qualis
720 3755 788 3814 est
811 3751 941 3820 ‘Occidi
956 3770 1039 3818 eaor·-
