2556 4314
485 309 488 314 '
565 307 671 356 LIBER
687 306 708 355 1.
725 319 785 354 cas.
802 321 848 356 av.
1150 303 1187 364 51

213 459 335 508 conatus
358 449 485 521 videbat,
498 459 562 506 tum
583 468 601 506 e
625 449 684 507 suis
704 469 796 507 unum
819 447 995 508 sciscitatum
1008 449 1136 508 Romam
1150 448 1187 508 ad

106 579 115 590 .
212 538 323 604 patrem
346 528 445 600 mittit,
459 528 598 602 quidnam
611 547 642 585 se
656 529 752 586 facere
776 529 882 586 relletl
902 529 1142 604 quandoquidem,
1156 537 1189 586 ut

212 608 314 666 omnia
333 627 410 675 unus
431 607 533 677 Gabiis
553 619 658 682 posset,
673 607 701 664 ei
723 607 773 666 Dii
786 608 942 666 dedissent.
985 608 1064 665 Huic
1078 607 1189 681 nuntio,

213 687 283 762 quia
306 685 426 765 (credo)¹
445 686 539 742 dubias
558 686 627 743 fidei
650 687 810 760 videbatur,
835 687 907 744 nihil
931 703 1002 744 voce
1023 705 1189 762 responsum

190 776 277 823 sest:
299 765 460 833 rement
484 764 738 838 deliberabundus,
763 765 796 823 in·
818 767 932 824 hortum
958 765 1065 823 aedium
1079 765 1189 833 transit,

216 855 362 920 sequente
375 844 477 914 nuntio
497 843 565 901 lilii:
586 844 637 912 ibi,
664 845 849 902 inambulans
872 845 987 913 tacitus,
1009 864 1123 902 summa
1142 863 1191 920 pa-

214 943 350 998 paverum
375 923 470 998 capita
494 923 599 980 dicitur
626 923 730 981 baculo
754 924 924 981 decussisse.
979 924 1190 1000 Interrogando

214 1003 466 1077 exspectandoque
480 1020 649 1078 responsum
663 1003 900 1076 nuntiusfessus,
915 1013 947 1060 ut
961 1023 993 1062 re
1008 1003 1188 1080 imperfecte,

213 1081 425 1150 reditGabios;
446 1101 509 1156 quae
534 1081 642 1139 dixerit
663 1082 734 1158 ipse,
748 1101 868 1157 quasque
881 1083 994 1156 viderit,
1009 1083 1116 1140 refert:
1137 1101 1190 1140 seu
1259 1085 1261 1092 ⁴

180 1160 265 1234 ruird,
279 1180 330 1218 seu
353 1161 429 1228 odio,
445 1180 497 1217 seu
521 1161 655 1237 superbiat
680 1161 766 1219 insita
790 1161 918 1238 ingenio,
938 1161 1046 1220 nullam
1061 1181 1129 1220 eum
1143 1179 1192 1219 vo·

214 1259 278 1297 cern
292 1240 431 1297 emisisse.
473 1241 562 1298 Sexto
575 1240 636 1314 ubi,
650 1240 718 1315 quid
742 1241 828 1298 vellet
850 1261 965 1316 parens,
989 1241 1094 1316 quidve
1117 1259 1189 1316 prac-

213 1319 322 1395 ciperet
336 1319 431 1376 tacitis
444 1319 624 1395 ambagibus,
645 1320 758 1395 patuit;
779 1321 918 1395 primores
936 1320 1081 1398 civitatis,
1093 1319 1190 1377 crimi-

213 1399 310 1456 nando
323 1399 394 1456 alios
415 1399 491 1475 apud
512 1399 660 1474 populum,
675 1399 744 1456 alios
766 1402 817 1456 sual
838 1401 914 1475 ipsos
933 1400 1042 1458 invidis
1054 1408 1190 1476 opportu-

213 1497 276 1551 nos,
290 1478 453 1535 interemit:
474 1477 557 1534 multi
570 1478 686 1552 paldm3
707 1478 834 1552 quidam,
856 1479 885 1535 in
900 1479 1004 1553 quibus
1016 1478 1114 1537 mimis
1128 1497 1191 1554 spe·

178 1583 204 1622 15
214 1557 294 1614 ciosa
308 1557 471 1614 criminatio
484 1566 547 1613 erat
560 1557 665 1624 futura,
679 1557 755 1613 clam
769 1557 922 1614 interfanti.
963 1557 1061 1615 Patuit
1074 1558 1190 1632 quibus·

113 1666 118 1674 ·
215 1637 284 1693 dam
297 1635 459 1714 veientibus
472 1635 550 1710 fuga,
564 1645 614 1692 aut
636 1635 667 1693 in
690 1635 826 1692 exsilium
847 1635 904 1692 acti
925 1646 1002 1703 sunt,
1017 1635 1191 1694 absentium·

213 1733 270 1790 que
286 1715 362 1771 bona
382 1715 465 1790 justa
488 1724 573 1788 atque
597 1714 832 1790 interemptorum
854 1714 959 1772 divisui
984 1714 1073 1772 fuere.
1123 1713 1191 1772 Lar·

212 1793 332 1870 gitionis
359 1793 429 1850 inde
462 1794 624 1869 praedaeque
655 1804 684 1851 et
711 1793 865 1850 dulcedine
891 1793 994 1869 privati
1031 1793 1184 1862 commodi,

213 1892 316 1930 sensus
337 1872 477 1929 malorum
501 1873 682 1948 publicorum
709 1873 817 1943 adimi3
842 1874 955 1950 donec,
970 1865 1040 1931 orba
1067 1872 1188 1930 consilio

176 1982 204 2022 ω
215 1951 387 2026 auxilioque,
401 1951 517 2008 Gabina
529 1971 576 2010 res
599 1951 661 2028 regi
684 1950 821 2012 Romano
845 1952 908 2010 sine
929 1951 987 2010 ulle
999 1951 1189 2011 dimicatione

214 2031 247 2089 in
260 2050 378 2090 manum
392 2031 520 2108 traditur.
541 2026 571 2146 q(

139 2221 145 2237 x
222 2258 230 2266 ‚
254 2190 317 2249 LV.
339 2191 441 2250 Gabiis
461 2191 595 2268 receptis,
617 2190 796 2267 Tarquinius
819 2211 920 2268 pacem
937 2189 1003 2250 cum
1026 2191 1188 2267 AEquorum

217 2281 303 2346 gente
326 2271 412 2340 fecit3
440 2271 533 2328 foedus
556 2291 624 2328 cum
648 2271 757 2329 Tuscis
781 2273 937 2329 renovavit.
979 2271 1054 2328 Inde
1079 2272 1116 2329 ad
1136 2289 1188 2328 ne-

216 2350 294 2425 gotia
314 2351 425 2407 urbana
447 2351 575 2407 animum
599 2351 758 2408 convertit:
780 2370 900 2425 quorum
922 2361 985 2408 erat
1005 2351 1140 2426 primum,
1155 2361 1188 2406 ut

177 2427 295 2486 essoris
308 2430 445 2506 templum
469 2429 499 2486 in
523 2439 621 2486 monte
645 2429 782 2504 Tarpejo‚
804 2439 1024 2486 monumentum
1046 2429 1129 2504 regni
1143 2427 1187 2486 sui

215 2508 405 2584 nominisque,
430 2508 619 2582 relinqueret:
641 2507 816 2581 Tarquinios
836 2525 920 2580 reges
944 2507 1053 2577 ambos,
1077 2517 1189 2580 patrem

200 2588 333 2655 rosisse,
348 2588 439 2644 filium
453 2585 618 2662 perfecisse.
660 2583 709 2652 Et,
723 2597 755 2641 ut
778 2585 868 2641 libera
888 2585 1032 2662 a‘caeteris
1045 2584 1191 2660 religioni·

215 2665 269 2723 bus
282 2685 349 2724 area
369 2676 447 2723 esset
460 2676 520 2723 tota
544 2663 624 2722 Jovis
647 2663 809 2739 templique¹
826 2663 898 2739 ejus,
912 2663 988 2738 quod
1002 2661 1189 2721 inaedificare·

214 2755 270 2818 tur,
284 2764 462 2822 exaugurare
487 2745 554 2801 fana
575 2742 738 2818 sacellaque
762 2743 861 2800 statuit
872 2763 880 2812 ;
901 2761 965 2818 quae
989 2741 1095 2818 aliquot
1109 2743 1149 2800 ibi
1170 2762 1189 2800 a

177 2843 204 2882 so
215 2823 303 2883 Tatio
315 2844 394 2900 rege,
409 2822 531 2899 primum
545 2823 576 2880 in
601 2823 663 2898 ipso
686 2821 853 2879 discrimine
877 2824 1014 2880 adversus
1027 2821 1187 2882 Romulum

214 2922 320 2978 pugnae
334 2914 409 2970 vota,
424 2912 593 2960 consecrata
613 2902 841 2978 inaugurataque
861 2913 960 2978 postea
973 2901 1096 2960 fuerant.
1137 2902 1188 2960 In-

214 2992 260 3039 ter
273 2981 415 3056 principia
432 2981 576 3039 condendi
597 2980 683 3056 hujus
706 2981 810 3057 operis,
833 2981 955 3040 movisse
969 3001 1078 3039 numen
1093 2982 1129 3038 ad
1143 2981 1188 3040 in·

216 3059 370 3116 dicandam
385 3060 455 3117 tanti
479 3059 591 3137 imperii
615 3061 720 3118 molem
742 3061 862 3118 traditur
886 3061 984 3119 Deos:
1005 3081 1084 3129 narn,
1098 3079 1187 3138 quum

215 3137 344 3197 omnium
368 3139 537 3198 sacellorum
563 3140 804 3216 exaugurationes
835 3141 1022 3198 ‘admitterent
1051 3159 1127 3209 aves,
1155 3141 1186 3198 in
1221 3161 1226 3172 ’

177 3242 204 3280 35
215 3217 348 3275 Termini
357 3219 424 3277 fano
432 3238 490 3276 non
502 3218 647 3275 addixere.
668 3218 703 3275 Id
715 3237 801 3277 ornen
813 3220 1021 3296 auguriumque
1030 3221 1070 3278 ita
1084 3239 1188 3298 accep-

214 3311 275 3354 tum
289 3307 352 3366 est;
374 3316 432 3354 non
454 3307 564 3372 motam
585 3296 718 3355 Termini
743 3299 852 3365 sedem,
869 3317 1016 3374 unumque
1030 3319 1096 3358 eum
1112 3301 1188 3360 Deo·
1216 3336 1224 3343 -

215 3394 279 3433 rum
303 3394 361 3432 non
383 3387 535 3432 evocatum
558 3377 687 3436 sacratis·
701 3377 755 3434 sibi
780 3377 895 3445 linibus,
912 3371 999 3436 firma‘
1017 3380 1187 3452 stabiliaque

213 3463 323 3511 cuncta
334 3455 515 3529 portendere.
557 3455 624 3512 Hoc
644 3457 842 3532 perpetuitatis
856 3457 985 3533 auspicio
999 3468 1129 3530 accepto,
1144 3471 1188 3508 se-

214 3542 315 3590 cutum
340 3533 429 3600 aliud,
444 3533 672 3609 magnitudinem
696 3536 808 3612 imperii
821 3537 1006 3610 portendens,
1024 3531 1188 3607 prodigium

177 3623 265 3677 mest.
319 3611 413 3687 Caput
437 3613 605 3681 humanum,
630 3614 741 3690 integre
762 3615 848 3681 facie,
873 3611 1068 3692 aperientibus
1089 3606 1191 3661 funda-

156 3715 171 3752 s
213 3701 313 3750 menta
335 3692 435 3768 templi
460 3692 565 3750 dicitur
586 3693 768 3768 apparuisse:
799 3709 862 3764 quae
886 3690 947 3743 visa
971 3699 1092 3753 specle-²1,
1111 3681 1188 3734 haud

214 3789 265 3848 per
279 3771 426 3850 ambages,
449 3790 546 3830 arcem
560 3790 626 3828 earn
649 3769 764 3845 imperii
782 3776 925 3840 caputque
946 3771 1042 3815 rerum
1056 3754 1115 3808 fore
1128 3772 1192 3826 por-
1260 3769 1261 3772 ¹
