2520 4310
112 345 171 402 266
514 345 585 396 *rtur
603 345 689 396 len

110 505 285 548 concurrere
299 491 335 547 ad
357 489 543 548 simulacrum
563 509 678 570 pugna,
720 489 809 568 Regii
820 490 944 568 juvenes
959 493 1050 554 duces
1062 497 1090 557 ei

34 609 36 615 ,
110 569 223 628 ludicro
249 570 400 628 certamini
425 569 504 628 dati:
535 571 671 630 caeterdm
695 589 754 629 non
779 571 875 648 imago
898 570 954 630 fuit
973 594 1091 652 pugnae,

110 650 173 724 sed,
187 659 333 726 tamquam
357 650 394 708 de
408 669 499 727 regno
520 649 716 725 dimicaretur,
731 651 771 708 ita
784 664 1005 728 concurrerunt,
1020 657 1092 714 mul·

110 739 195 805 taque
209 730 327 789 vulnera
340 730 461 788 sudibus
472 729 566 801 facta;
588 749 654 799 nec,
677 741 779 807 praeter
801 731 919 800 ferrum,
933 733 1090 810 quidquam

21 851 23 864 .
110 811 202 868 deluit
216 811 251 869 ad
264 810 371 887 justam
382 810 449 868 belli
464 809 601 886 speciem.
642 810 713 869 Pars
732 829 778 880 ea,
793 830 856 886 quae
871 812 925 869 sub
939 813 1090 875 Demetrio
1111 837 1125 877 s

21 913 22 936 1
109 901 180 962 crat,
205 889 290 968 longe
312 890 441 966 superior
466 889 527 948 fuit.
570 890 606 948 Id
629 891 705 968 egre
726 891 854 967 patiente
868 891 985 968 Perseo,
998 895 1090 954 laetari

107 971 266 1047 prudentes
281 970 367 1028 amici
381 971 454 1048 ejus,
469 989 590 1045 eamque
604 989 674 1030 rem·
680 970 773 1048 ipsam
791 971 889 1030 dicere
902 973 1089 1049 praebituram

109 1069 228 1108 causam
242 1050 416 1108 criminandi
427 1049 552 1127 juvenis.

148 1209 219 1270 v11.
241 1208 414 1268 Conuiuium
438 1227 474 1266 eo
488 1207 535 1266 die
549 1208 702 1282 sodalium,
726 1208 775 1285 qui
789 1210 874 1268 simul
887 1211 1085 1282 decurrerant,

109 1299 228 1364 uterque
242 1289 353 1357 habuit,
374 1307 462 1364 quum
484 1298 603 1346 vocatus
617 1289 654 1346 ad
675 1308 790 1347 caenam
805 1291 842 1348 ab
856 1289 1006 1349 Demetrio
1019 1293 1089 1352 Per·
1098 1310 1124 1350 ro

108 1389 175 1427 aeus
196 1369 340 1446 negisset.
383 1369 470 1426 Festo
491 1368 539 1426 die
560 1367 691 1427 invitatio
704 1369 832 1446 benigna
846 1381 876 1428 et
899 1370 1028 1429 hilaritas
1044 1373 1090 1448 ju·

107 1449 216 1507 venalis
230 1460 365 1524 utrosque
380 1447 410 1506 iu
424 1447 524 1505 vinum
548 1447 646 1506 traxit.
688 1448 932 1508 commemoratio
943 1450 983 1508 ibi
998 1463 1088 1510 certa-

106 1528 194 1586 minis
212 1529 327 1596 ludicri‚
342 1539 371 1586 et
387 1528 487 1605 jocosa
510 1527 589 1586 dicta
612 1528 643 1585 in
658 1528 846 1604 adversarios,
868 1529 909 1588 ita
922 1540 953 1588 nt
966 1549 1002 1588 ne
1017 1531 1087 1608 ipsis
1184 1575 1186 1580 ,

106 1608 224 1684 quidem
248 1608 372 1668 ducibus
386 1607 587 1682 abstineretur,
606 1607 799 1685 jactabantur.
841 1610 891 1668 Ad
912 1611 1087 1686 hasexcipi-

107 1689 199 1747 endas
221 1707 318 1762 voces,
330 1688 492 1765 speculator
505 1706 542 1745 ex
556 1687 684 1746 convivis
698 1688 798 1746 Persei
812 1690 928 1762 missus,
942 1709 1030 1764 quum
1044 1690 1088 1748 in·
1098 1703 1122 1742 rs

108 1769 219 1826 cautior
245 1769 454 1835 obversaretur,
477 1778 616 1844 exceptus
645 1785 663 1825 a
683 1768 850 1844 juvenibus
868 1769 939 1826 forte
960 1769 1087 1828 triclinio

108 1848 242 1924 egressis,
267 1847 341 1906 male
369 1847 520 1936 resumatur.
575 1847 672 1924 Hujus
698 1848 741 1905 rei
767 1847 887 1924 ignarus
910 1835 1084 1922 Demetrius,

108 1928 222 1990 “Quin
243 1927 460 2005 corpissatum,'’
480 1926 583 2002 inquit,
606 1929 674 1984 “ad
697 1927 813 1986 fratrem
838 1929 929 1998 imus;
961 1939 990 1986 et
1011 1928 1086 1985 iram

109 2017 127 2042 ‘⁴
139 2007 213 2083 ejus,
227 2008 252 2064 si
266 2028 322 2082 qua
335 2027 373 2065 ex
385 2007 544 2065 certamine
558 2006 675 2075 residet,
691 2007 875 2084 simplicitate
889 2017 919 2066 et
942 2007 1086 2066 hilaritate

109 2096 128 2122 “
139 2087 237 2146 nostri
261 2087 434 2144 lenimusl”
477 2087 590 2144 Omnes
614 2105 644 2144 se
669 2086 711 2144 ire
733 2087 964 2160 conclamarunt,
984 2097 1123 2164 praeteru

107 2183 167 2239 eos,
181 2166 229 2242 qui
244 2165 431 2241 speculatoris
452 2166 489 2222 ab
503 2184 534 2222 se
557 2165 663 2241 pulsati
687 2177 857 2242 praesentem
872 2167 1013 2224 ultionem
1028 2186 1088 2224 me-

106 2247 235 2304 tuebant.
255 2245 358 2307 Quum
371 2264 421 2302 eos
434 2263 546 2320 qnoque
560 2244 726 2304 Demetrius
738 2245 870 2312 traheret,
883 2243 990 2312 ferrum
1005 2255 1085 2302 veste

108 2325 289 2395 abdiderunt,
303 2343 360 2400 quo
383 2343 414 2382 se
439 2325 536 2398 tutari,
550 2325 575 2382 si
598 2344 655 2400 qua
669 2326 711 2383 vis
731 2324 819 2396 fieret,
830 2333 956 2400 possent.
999 2323 1085 2382 Nihil

107 2404 215 2464 occulti
238 2423 301 2463 esse
323 2405 353 2462 in
376 2405 513 2462 intestinis
534 2397 680 2462 discordiis
701 2414 811 2481 potest:
843 2413 962 2478 utraque
983 2401 1087 2461 domus

108 2486 318 2562 speculatorum
330 2495 360 2543 et
383 2485 557 2561 proditurum
572 2485 658 2561 plena
671 2495 742 2542 erat.
783 2482 976 2541 Praecucurrit
998 2483 1119 2540 innexu

108 2567 144 2623 ad
159 2565 274 2634 Persea,
289 2565 363 2624 serro
383 2564 549 2626 succinctos
575 2564 714 2622 nuntians
735 2582 803 2621 cum
824 2563 973 2620 Demetrio
986 2573 1087 2638 quatu-

108 2665 140 2708 or
154 2645 353 2704 adolescentes
376 2645 482 2702 venire.
525 2644 588 2702 Etsi
613 2663 701 2702 causa
722 2643 879 2718 apparebat
904 2641 985 2714 (narn
1000 2642 1036 2699 ab
1049 2641 1085 2699 iis

108 2726 251 2800 pulsatum
273 2725 422 2800 conv-iram
446 2743 529 2788 suum
552 2723 707 2802 audierat),
721 2733 831 2796 tamen,
855 2721 1029 2779 infamandae
1043 2720 1085 2778 rei

108 2805 208 2872 causi,
220 2804 338 2880 januam
352 2804 479 2861 obserari
498 2804 599 2880 jubet3
621 2813 700 2860 etex
713 2813 794 2878 parte
809 2802 954 2878 superiore
968 2801 1082 2871 aedinm,

109 2883 253 2958 versisque
268 2883 297 2940 iu
322 2883 396 2940 viam
412 2883 553 2957 fenestris,
576 2883 786 2969 commeaturus,
808 2892 953 2957 tamquam
968 2881 1005 2938 ad
1028 2897 1122 2942 cae·su
1188 2905 1192 2915 ·
1237 2889 1238 2904 ¹

109 2965 176 3028 dem
194 2981 276 3019 suam
297 2963 456 3030 venientes,
480 2963 559 3021 aditu
580 2963 678 3040 janum
702 2971 791 3019 arcet.
833 2960 1010 3032 Demetrius,
1032 2978 1085 3034 per

109 3041 218 3111 vinum,
242 3040 318 3116 qudd
342 3041 552 3110 excluderetur,
576 3043 721 3118 paulisper
746 3040 927 3108 vociferatus,
944 3041 973 3098 in
988 3038 1087 3098 convi⁴

109 3121 187 3178 sium
201 3121 285 3194 redit,
299 3121 385 3178 totius
398 3121 440 3178 rei
455 3122 581 3198 ignarus.

162 3281 248 3340 VIII.
280 3280 397 3338 Postero
418 3279 465 3338 die
493 3279 626 3349 Perseus,
651 3277 883 3356 quamprimum
910 3276 1086 3336 convenien-

108 3363 137 3420 di
162 3371 287 3439 potestas
308 3360 396 3436 patris
418 3359 481 3428 fuit,
505 3361 615 3438 regiam
637 3359 794 3436 ingressus,
818 3357 985 3436 perturbato
1005 3357 1123 3420 vultuas

108 3443 139 3500 in
173 3451 332 3517 conspectu
365 3439 453 3516 patris
474 3440 578 3499 tacitus
611 3438 710 3517 procul
738 3438 886 3498 constitit:
921 3437 968 3494 cui
996 3454 1085 3511 quum

108 3532 198 3598 pater,
221 3525 239 3554 “
253 3519 353 3580 sati’n’
369 3521 453 3579 salvae
463 3522 474 3577 l
486 3520 505 3547 '⁹
518 3532 557 3589 et,
581 3529 600 3558 ‘⁴
611 3537 743 3596 quasnam
763 3538 799 3577 ea
812 3515 949 3577 maestitia
960 3516 1056 3574 essetl
1066 3515 1084 3542 '²

105 3603 297 3677 interrogaret
309 3619 388 3670 eum,
411 3606 429 3634 “
441 3599 486 3659 De
511 3599 592 3680 lucro
603 3599 686 3676 tibi,”
700 3599 803 3676 inquit,
826 3602 845 3630 ‘⁶
855 3597 950 3656 vivere
968 3615 1015 3653 me
1029 3594 1088 3654 sci·

109 3691 178 3738 “to.
219 3679 286 3736 Janr
310 3699 368 3738 nou
393 3679 515 3739 occultis
537 3698 554 3736 a
576 3677 661 3736 fratre
685 3679 809 3754 petimur
824 3676 947 3736 insidiis.
988 3674 1085 3733 Nocte

109 3763 207 3816 “cum
229 3758 345 3814 armatis
367 3759 487 3816 domum
511 3757 549 3815 ad
572 3757 807 3816 interficiendum
828 3755 985 3814 mevenit:
1007 3754 1124 3814 clau-u

109 3839 127 3866 ‘⁴
140 3835 236 3908 sisque
264 3835 380 3908 foribus,
402 3837 543 3913 parietum
564 3835 698 3914 presidio
721 3855 768 3899 mo
793 3855 811 3896 a
834 3835 930 3896 surore
944 3835 1007 3914 ejus
1020 3852 1086 3894 sum
