2520 4310
518 397 522 404 ,
553 333 625 382 τιτι
640 333 727 402 mvn
779 349 781 354 ·
812 302 817 310 ’

151 477 318 554 “ignorare
337 474 439 551 patiar.
480 474 577 551 Atque
598 475 709 534 utinam
723 476 796 544 haee,
817 495 883 558 quae
895 478 971 552 apud
985 497 1033 538 vos
1046 491 1128 540 aetu-

125 577 128 582 ·
151 562 169 589 “
180 577 230 626 rus
243 572 319 629 sum,
333 553 455 612 Canusii
469 556 544 630 apud
559 555 654 630 ipsum
668 555 826 613 exercitum
842 574 970 632 agerem,
984 559 1125 633 optimum

77 651 83 665 ’
99 679 101 686 ,
151 645 286 694 “testem
309 634 432 711 ignavie
451 635 591 710 cujusque
612 646 642 691 et
655 634 785 692 virtutis:
808 645 857 692 aut
872 654 948 695 unus
962 637 1012 694 hio
1026 640 1126 698 saltem

150 717 295 774 “adesset
310 715 340 771 P.
367 713 564 789 Sempronius,
588 732 673 787 quem
688 713 713 770 si
726 693 773 770 isli
788 714 892 771 ducem
910 717 1003 775 secuti
1018 730 1125 788 essent,

151 799 169 828 “
180 797 287 854 milites
298 793 383 852 hodie
392 794 422 850 in
434 793 536 864 castris
547 792 698 859 Romanis,
708 811 766 850 non
778 793 886 868 captivi
895 793 925 850 in
938 795 1063 854 hostiurn
1076 815 1125 872 po-
1145 809 1159 850 s

150 885 170 912 “
182 874 400 936 teststeessentl
417 873 474 929 Sed
484 891 583 950 quum,
592 871 674 932 sessis
685 873 841 947 pugnando
850 873 989 945 hostibus,
998 886 1060 932 tum
1069 878 1125 935 vio-

150 963 169 993 “
181 955 253 1013 toria
267 954 349 1020 letis,
363 967 393 1010 et
408 952 476 1028 ipsis
487 951 628 1026 plerisque
636 952 774 1026 regressis
784 952 814 1009 in
826 963 921 1010 eastra
931 973 996 1026 sua,
1008 967 1123 1014 noctem

149 1043 169 1072 “
178 1037 214 1092 ad
226 1033 439 1108 erumpendum
451 1031 571 1088 liberam
586 1031 763 1103 habuissent,
777 1042 807 1088 et
820 1045 930 1106 neptem
950 1046 1123 1098 armatorum

106 1107 115 1124 ⁸
149 1123 169 1153 “
180 1114 328 1173 hominurn
343 1110 433 1167 millia
450 1129 633 1186 perrumpere
646 1110 735 1172 etiam
748 1112 893 1168 confertos
907 1113 1000 1170 hostes
1013 1115 1122 1188 potuis·

148 1201 168 1230 “
180 1193 264 1260 senl3
283 1209 377 1265 neque
391 1209 441 1265 per
455 1209 487 1246 se
501 1189 554 1264 ipsi
568 1190 598 1246 id
612 1189 708 1246 faeere
722 1191 820 1248 eonati
834 1201 910 1263 suut,
925 1211 1015 1266 neque
1030 1193 1120 1252 alium
1132 1205 1157 1246 1⁰

68 1319 74 1330 .
148 1271 257 1347 “sequi
268 1271 426 1328 voluerunt.
442 1269 544 1326 ·Noote
553 1269 638 1346 prope
649 1272 707 1326 tots
716 1269 748 1326 P.
756 1270 944 1345 Sempronius
954 1271 1122 1330 Tuditanus

57 1359 59 1364 ’
148 1361 233 1410 “non
248 1350 357 1408 destitit
380 1367 509 1420 monere,
533 1348 676 1407 adhortari
692 1367 756 1420 eos,
769 1350 840 1406 dum
854 1350 984 1425 paucitas
997 1352 1121 1410 hostium

146 1435 166 1464 ‘¹
177 1431 257 1489 eirea
280 1441 383 1496 castra,
409 1430 477 1485 dum
499 1429 580 1503 quies
604 1447 639 1485 ao
662 1428 809 1493 silentium
823 1440 910 1502 esset,
924 1431 995 1486 dum
1009 1449 1067 1488 non
1079 1431 1133 1488 in·‘

146 1514 291 1586 “ceptum
314 1519 433 1584 tegeret,
459 1527 490 1564 se
504 1509 608 1568 duoern
633 1519 840 1582 sequerentur:
862 1505 930 1565 ante
949 1510 1043 1566 lucem
1057 1529 1121 1584 per·

146 1590 273 1646 “venire
288 1589 317 1645 in
332 1596 393 1646 tuta
413 1588 486 1657 loca,
501 1587 531 1644 in
546 1588 688 1644 sociorum
710 1589 807 1653 urbes,
822 1607 919 1663 posse,
958 1589 1040 1646 Siout
1053 1605 1155 1646 avo-1⁵

145 1672 240 1726 “rum
260 1668 396 1729 memorie
423 1667 454 1724 P.
481 1666 600 1738 Decius,
620 1666 752 1724 tribunus
774 1668 897 1724 militurn
916 1667 951 1724 in
970 1669 1118 1738 ·Samnio;

145 1749 261 1815 “siout
286 1747 370 1804 nobis
391 1746 632 1813 adolescentibus,
656 1745 750 1821 pliore
765 1747 877 1804 Punioo
900 1747 983 1814 bello,
999 1748 1121 1822 Calpur·

144 1832 163 1862 “
175 1829 242 1902 nius
266 1827 398 1884 Flamma
418 1827 555 1883 trecentis
569 1825 745 1898 voluntariis
759 1845 847 1900 quum
862 1827 897 1883 ad
912 1827 1052 1882 tumulum
1066 1845 1118 1884 eos

144 1908 360 1983 “capiendum
385 1907 470 1966 situm
496 1906 569 1962 inter
596 1905 707 1962 medios
738 1907 844 1972 hostes,
876 1906 1004 1977 duceret,
1031 1905 1116 1972 dixit,

144 1995 163 2024 “
176 1996 184 2022 ‘
197 1987 366 2057 Moriamur,
381 1986 496 2057 milites,
510 1997 539 2041 et
553 1996 643 2041 morte
664 1987 760 2042 nostrl
776 1984 931 2060 eripiamus
944 2005 980 2040 ex
993 1985 1118 2042 obsidio·¹
1127 1999 1154 2040 at
1241 1979 1242 1982 ¹

143 2074 231 2122 “‘ne
250 2065 462 2120 circumventas
486 2065 615 2138 legiones
627 2065 652 2132 ς’
676 2064 699 2120 si
721 2064 776 2120 hoo
792 2065 822 2120 P.
839 2065 1026 2139 Sempronius
1040 2065 1118 2120 dioe-
1243 2083 1244 2091 ¹

141 2148 161 2178 “
173 2153 233 2213 ret;
255 2161 311 2198 neo
325 2143 399 2203 viros
408 2143 540 2221 quidem,
554 2162 610 2200 neo
620 2143 774 2200 'Romanos
787 2163 836 2200 vos
850 2145 979 2210 duceret,
992 2144 1016 2200 si
1030 2162 1118 2200 nemo

142 2228 259 2280 “tantae
285 2221 394 2278 virtutis
416 2222 575 2278 exstitisset
592 2241 698 2280 eomes.
747 2223 829 2279 Viam
850 2241 908 2278 non
933 2223 969 2278 ad
987 2223 1118 2296 gloriam

141 2312 161 2340 “
171 2302 271 2377 magis,
296 2300 382 2375 quem
403 2302 439 2356 ad
463 2301 756 2368 salutem‚.ferentem
780 2302 970 2369 demonstrat;
992 2302 1119 2358 reduces

88 2411 120 2452 χ
142 2390 161 2420 “
173 2381 204 2437 in
218 2380 348 2456 patriam,
374 2381 409 2442 ad
424 2391 566 2455 parentes,
589 2381 624 2437 ad
640 2382 780 2457 conjuges
793 2381 943 2438 ao‘liberos
957 2379 1036 2436 faoit.
1078 2379 1151 2438 Utss

141 2469 161 2498 “
170 2459 332 2530 servemini,
347 2460 428 2516 deest
452 2460 532 2516 vobis
553 2461 690 2517 animust
711 2460 790 2534 quid,
816 2460 839 2516 si
864 2459 1045 2517 moriendum
1066 2478 1118 2536 pro

105 2536 113 2582 3
141 2539 260 2616 “patria
282 2550 367 2611 esset,
383 2540 534 2596 faceretisl
574 2540 798 2615 Quinquaginta
819 2539 908 2596 millia
922 2539 1029 2605 nivium
1044 2537 1117 2599 soci-

140 2629 311 2694 “urumque
326 2619 404 2675 cirea
418 2637 515 2676 roseo
529 2619 591 2694 ipso
604 2621 651 2676 die
666 2637 743 2676 oaesa
753 2619 869 2694 jacent:
892 2618 915 2675 si
930 2629 972 2675 tot
985 2617 1117 2692 exempla

140 2699 281 2757 “virtutis
304 2717 363 2754 non
386 2709 510 2764 movent,
534 2698 605 2754 nihil
620 2717 746 2772 unquam
762 2697 905 2754 movebit:
927 2697 950 2754 si
966 2709 1045 2754 tanta
1059 2697 1116 2754 ola·

134 2787 158 2815 “
170 2778 222 2834 des
236 2777 320 2832 vilem
347 2777 432 2833 vitam
457 2796 514 2834 nou
537 2777 615 2845 seuit,
631 2776 710 2834 nulla
724 2776 819 2834 saciet.
861 2776 959 2832 Liberi
975 2788 1058 2851 atque
1073 2775 1148 2832 in·³u
1229 2787 1232 2796 ¹

138 2865 157 2893 “
170 2855 298 2911 oolumes
312 2855 473 2912 desiderate
487 2857 608 2930 patriam
624 2876 630 2913 :
652 2857 742 2914 immo
755 2855 927 2922 desiderate,
940 2857 1009 2912 dum
1023 2855 1116 2930 patria
1136 2919 1138 2923 ,

137 2943 156 2972 “
168 2945 222 3004 est,
237 2933 305 2988 dum
321 2933 398 2989 aives
412 2934 474 3009 ejus
495 2935 583 2992 estist
605 2934 669 2992 sero
685 2933 957 3012 nune-desideratis,
972 2932 1114 2994 deminuti

137 3021 157 3050 “
167 3011 272 3086 capite,
287 3010 439 3068 abalienati
452 3013 517 3088 jure
531 3014 649 3080 civium,
664 3015 738 3071 servi
757 2996 1115 3088 Carthaginiensium'lfo-

136 3090 197 3158 “ti.
239 3089 336 3147 Pretio
349 3091 468 3148 redituri
483 3093 552 3150 estis
565 3091 609 3164 eti,
632 3093 709 3149 unde
724 3091 837 3167 ignavie
853 3110 888 3148 ao
902 3088 1029 3165 nequitie
1041 3089 1115 3154 abis·

137 3175 154 3202 ‘¹
166 3169 224 3226 tist
266 3169 298 3225 P.
325 3171 537 3245 Sempronium,
553 3171 647 3228 oivem
664 3182 799 3243 vestrum,
814 3188 873 3227 non
888 3169 1018 3234 audistis,
1034 3183 1147 3225 armans

103 3269 106 3272 ·
136 3258 156 3288 “
168 3266 271 3324 capere
287 3267 322 3305 ao
336 3249 417 3324 sequi
431 3267 462 3306 se
480 3251 649 3325 jubentem:
672 3249 867 3306 Hannibalem
886 3246 952 3323 pdst
965 3247 1051 3321 paulb
1065 3265 1115 3304 au·

134 3327 252 3400 “distis
276 3339 371 3386 castra
391 3329 474 3404 prodi
494 3337 523 3385 et
545 3347 624 3384 arma
645 3329 719 3385 tradi
737 3327 897 3404 jubentem.
938 3324 1041 3387 Quem
1056 3343 1113 3400 ego

135 3407 311 3484 “ignaviam
335 3407 453 3464 istorum
474 3425 591 3478 accuso,
613 3426 701 3480 quum
720 3407 815 3472 seelus
828 3405 935 3481 possim
949 3405 1111 3461 accusaret

134 3485 234 3544 “Non
249 3486 327 3542 anim
341 3484 427 3541 modo
438 3484 518 3557 sequi
533 3488 702 3542 reouslrunt
716 3485 790 3542 bene
805 3495 982 3549 monentem,
997 3482 1047 3539 sed
1061 3481 1113 3539 ob·

134 3565 262 3623 “sistere
278 3583 313 3620 ao
325 3563 450 3620 retinere
465 3562 561 3619 conati
575 3573 652 3629 sunt,
667 3564 697 3620 ni
709 3564 815 3621 strictis
834 3563 945 3638 gladiis·
954 3562 1006 3620 viri
1020 3560 1147 3618 fortis-tu

133 3652 154 3680 ‘⁸
164 3643 230 3700 simi
244 3642 351 3698 inertes
372 3640 590 3699 submovissent.
633 3640 724 3709 Puris,
748 3643 876 3717 inquam,
891 3639 1111 3714 P.·Sempronio

133 3729 153 3759 ‘¹
164 3737 220 3794 per
229 3718 336 3774 oivium
359 3735 475 3790 agmen,
499 3717 585 3790 quern
599 3737 650 3792 per
665 3719 800 3787 hostium,
820 3717 1109 3794 fuit'erumpendum.

132 3799 152 3832 ‘⁵
163 3795 227 3850 uos
240 3794 318 3868 eires
330 3794 423 3868 petria
446 3794 613 3853 desideretl
633 3791 755 3872 quorum
769 3797 793 3856 si
807 3798 908 3856 aeteri
919 3798 1029 3856 similes
1042 3795 1113 3856 fuis-
