2520 4310
108 295 170 367 ιω
433 317 439 328 -
519 295 695 356 nunno
741 369 752 376 ,

107 465 164 524 que
189 445 340 524 ingenium
360 454 432 522 erat,
443 445 721 524 interpretabantur:
743 443 792 504 ulii
812 463 871 504 nou
885 443 1016 505 tribunos
1028 445 1090 524 ple·
1098 424 1132 520 ξ’

107 525 162 598 bis,
177 527 229 586 sed
242 525 406 586 universam
419 525 575 600 civitatem,
589 543 653 602 quae
667 525 696 584 id
709 524 770 601 pati
783 535 890 601 posset,
904 525 1087 587 incusabant
1102 538 1119 581 s

109 612 129 644 ⁸⁸
141 603 223 664 Duas
244 604 384 664 maximas
403 605 482 664 orbis
502 615 642 664 terrarum
666 605 753 662 nrbes
774 602 902 681 ingratas
926 623 987 663 uno
1000 594 1124 685 propi}

107 685 268 762 “tempore
282 685 312 744 in
335 684 482 761 principes
505 685 654 743 inventus:
675 683 802 742 Romam
822 683 1030 760 ingratioremr
1051 685 1089 744 si·
1100 735 1116 764 ‚

47 796 54 808 ·
107 763 255 840 “quidem
266 764 343 822 victu
356 763 619 841 Carthagovictum
633 761 831 822 Hannibalem
844 763 875 820 in
889 763 1024 822 exsilium
1037 782 1087 824 ex·
1101 767 1117 844 ξ,

8 869 9 872 “
107 841 282 919 “pulisset3
316 841 414 902 Roma
436 842 539 902 victrix
570 841 709 900 victorem
731 841 905 900 Africanum
931 843 1123 919 expellat’'·5

108 919 181 993 Alii,
197 921 386 981 “Neminem
411 939 502 980 unum
523 921 617 980 civem
638 922 748 979 tuntum
769 921 900 979 eminere
923 921 1039 996 debere,
1053 909 1122 982 ut&

107 999 252 1078 “legibue
275 1000 443 1079 interrogari
465 1019 523 1058 non
538 1000 643 1076 possit:
664 999 738 1059 nihil
762 1010 822 1057 tam
836 1001 985 1076 aequsndoe
999 1001 1085 1071 liber·

105 1079 200 1138 “tatis
213 1098 287 1152 esse,
300 1080 387 1156 quim
401 1079 631 1155 potentissimum
645 1097 789 1154 quemque
805 1097 888 1154 posse
901 1080 1001 1163 dicere
1014 1099 1084 1138 cau·

8 1217 9 1224 ,
105 1165 207 1218 “eam.
247 1155 330 1220 Quid
355 1170 452 1216 autem
473 1158 536 1215 tutb
559 1157 705 1233 cuiquam,
727 1157 836 1234 ngdum
859 1154 1001 1216 sumnffm
1018 1165 1119 1218 rem1⁰

94 1235 290 1313 r‘publioam,
304 1237 441 1313 permitti,
468 1236 493 1293 si
520 1235 592 1294 ratio
625 1236 736 1294 nonsit
760 1237 934 1295 ‘reddendal
965 1237 1015 1313 qui
1032 1237 1082 1315 jus

104 1318 124 1349 “
135 1333 247 1392 aequum
267 1315 326 1392 pati
340 1334 399 1374 non
412 1314 511 1392 possit,
536 1315 568 1372 in
589 1333 657 1372 eum
669 1315 728 1373 vim
741 1315 820 1372 haud
834 1315 972 1392 injustam
985 1317 1081 1375 esse.”

104 1391 180 1454 Haec
193 1395 300 1471 agitatu
323 1393 514 1463 sermonibus,
539 1394 633 1452 donec
647 1394 711 1452 dies
724 1394 858 1452 dicendae
872 1413 969 1453 causae
984 1395 1082 1454 venit:

103 1489 160 1532 nec
174 1473 248 1532 alius
269 1484 356 1532 antea
378 1473 538 1549 quisquam,
553 1491 609 1531 nec
634 1473 681 1530 ille
696 1473 757 1549 ipse
772 1473 882 1550 Scipio,
896 1474 999 1533 consul
1013 1493 1083 1534 cen·

102 1567 194 1621 sorve,
209 1553 316 1630 majore
328 1553 423 1611 omnis
435 1551 551 1630 generis
565 1551 714 1610 hominurn
729 1552 901 1628 frequentiis,
915 1553 1001 1629 quim
1013 1564 1116 1612 'seusu

101 1629 152 1690 ille
162 1631 219 1700 die,
233 1630 265 1690 in
287 1632 379 1690 sorum
392 1642 436 1690 est
447 1631 599 1689 deductus.
640 1629 659 1688 J
661 1651 743 1689 ussus
761 1632 861 1690 dicere
875 1651 1003 1706 causam,
1017 1633 1081 1692 sine

102 1709 161 1768 ulls
173 1710 329 1770 criminum
342 1709 498 1784 mentione,
519 1710 679 1768 orationem
699 1708 773 1768 adeo
786 1711 972 1788 magnificam
986 1713 1022 1770 dc
1035 1730 1081 1770 re-

101 1787 157 1848 bus
168 1789 207 1847 ab
230 1809 262 1848 se
285 1789 375 1867 gestis
394 1799 438 1847 est
460 1807 589 1863 exorsus,
611 1803 643 1847 ut
665 1789 734 1848 satis
755 1801 910 1864 constaret,
930 1791 1079 1849 neminem
1098 1775 1115 1800 ⁸

101 1885 229 1944 uuquam
242 1887 337 1945 neque
358 1868 462 1927 melius
485 1887 580 1943 neque
604 1867 700 1926 verius
713 1868 863 1932 laudatum
876 1887 948 1928 esse.
988 1868 1079 1927 Dice-

100 1945 205 2005 bnntur
219 1947 298 2005 enirn
308 1948 346 2006 ab
359 1949 461 2006 eodem
474 1947 573 2006 animo
586 1946 771 2024 ingenioque,
783 1945 801 2006 a
813 1967 871 2024 quo
884 1959 965 2025 gesta
976 1959 1060 2006 erant
1069 1967 1076 2006 r
1084 1955 1115 1997 00

98 2025 255 2084 staurium
279 2025 426 2084 fastidium
450 2027 558 2102 aberat,
571 2027 639 2104 quia
651 2045 703 2104 pro
715 2026 855 2104 periculo,
876 2047 935 2088 non
948 2027 980 2098 in
993 2027 1079 2106 glori·

41 2100 61 2132 *¹
98 2119 157 2178 am,
170 2103 378 2165 reserebantur.
875 2141 876 2144 η

59 2256 66 2267 ’
137 2259 188 2322 LI.
210 2259 338 2321 Tribuni
361 2261 462 2339 plebis,
488 2272 585 2321 vetera
608 2261 729 2322 luxurie
742 2260 863 2337 crimina
876 2262 1076 2338 Syracusano-

96 2357 162 2400 rum
183 2341 379 2417 hibernorum,
403 2352 433 2401 et
445 2337 546 2402 Locris
570 2342 782 2401 Pleminianum
805 2341 971 2416 tumultum,
985 2361 1077 2418 quum

97 2419 135 2479 ad
167 2419 255 2480 fidem
288 2421 473 2499 praesentium
501 2421 657 2481 criminum
684 2421 873 2492 retulissent3
904 2421 1112 2497 suspicioni-ss

96 2499 150 2560 bus
173 2502 276 2580 magis,
304 2502 390 2578 quim
422 2502 611 2579 argumentis,
637 2502 771 2578 pecuniae
792 2511 884 2577 captae
911 2519 993 2560 reum
1015 2519 1075 2560 -ac-

94 2580 241 2640 cusirunt
284 2585 303 2614 “
318 2580 424 2639 Filium
451 2592 568 2657 captum
594 2581 658 2640 sine
684 2581 776 2656 pretio
802 2579 958 2648 redditum,
982 2579 1075 2639 omni·

96 2668 117 2698 ‘⁴
127 2659 237 2736 busque
251 2660 315 2719 aliis
327 2661 414 2719 rebus
425 2660 605 2737 Scipionem,
614 2669 762 2737 tamquam
770 2659 802 2718 in
813 2659 876 2738 ejus
887 2659 974 2717 unius
984 2677 1073 2720 manu

95 2741 179 2816 “per
192 2740 329 2799 Romana
341 2740 505 2816 bellumque
519 2750 605 2813 esset,
620 2740 657 2797 ab
671 2733 820 2798 Antiocho
834 2739 952 2796 cultum.
973 2737 1073 2796 Dicta·

95 2825 115 2855 ‘¹
126 2827 218 2876 torem
231 2837 299 2877 eum
312 2818 435 2892 consuli,
448 2838 507 2878 non
528 2819 665 2895 legatum,
680 2819 711 2877 in
725 2818 873 2894 provincii
887 2817 992 2876 fuisse:
1012 2833 1071 2876 nec
1080 2829 1110 2875 ,00

94 2895 159 2964 “ed
172 2896 258 2955 aliam
272 2915 333 2955 rem
354 2899 390 2956 eb
409 2899 581 2974 profectum,
603 2897 689 2974 quim
710 2909 752 2969 ut,
766 2897 797 2954 id
821 2897 895 2972 quod
911 2895 1070 2971 Hispaniae,
1121 2924 1126 2929 ·

94 2975 236 3048 “Gallire,
262 2976 381 3051 Sicilie,
406 2977 515 3036 Airicae
534 2973 706 3054 jampridem
720 2994 891 3052 persuasum
914 2985 1000 3043 esset,
1014 2975 1073 3035 boc
1100 3001 1103 3006 ·

93 3053 246 3113 “Graeciae
260 3055 396 3131 Asiaque
417 3067 447 3133 et
467 3057 602 3115 omnibus
626 3057 663 3114 ad
677 3055 831 3114 Orientem
851 3054 941 3112 versis
955 3053 1073 3132 regibus

92 3131 315 3212 “gentibusque
337 3145 504 3210 appareret3
526 3154 617 3193 unum
642 3135 790 3194 hominem
813 3143 901 3210 caput
921 3133 1072 3191 columen·

94 3221 114 3252 “
124 3230 181 3289 que
194 3211 309 3290 imperii
321 3212 451 3271 Romani
464 3231 547 3272 esse:
568 3215 623 3272 sub
647 3214 749 3272 umbra
763 3212 908 3289 Scipionis
922 3200 1112 3280 ciffitemuc

92 3292 268 3353 “dominam
291 3291 369 3352 orbis
391 3301 531 3351 terrerum
544 3292 653 3351 latere:
674 3303 779 3352 nutum
798 3291 862 3370 ejus
878 3309 931 3368 pro
944 3290 1071 3350 decretis
1114 3335 1119 3343 .

36 3409 41 3420 ·
58 3439 63 3447 ‚
90 3375 112 3408 “
123 3372 251 3441 Parrum,
265 3391 317 3449 pro
329 3364 428 3450 populi
449 3371 536 3448 jussis
556 3371 651 3431 esse.”
692 3371 818 3431 Insamiai
830 3371 983 3438 intactum,
997 3368 1071 3428 invi-

45 3457 50 3471 ’
90 3450 149 3524 diu,
163 3451 220 3526 qui
232 3460 361 3528 possunt,
375 3460 488 3528 urgent
529 3450 717 3509 Orationibus
731 3452 762 3508 in
775 3461 893 3510 noctem
911 3447 1069 3525 perductis,

89 3529 222 3664 prodicta
244 3530 308 3589 dies
327 3539 390 3588 est:
412 3529 462 3588 ubi
485 3548 522 3588 ea
544 3529 632 3600 venit,
656 3529 765 3588 tribuni
786 3531 818 3587 in
841 3527 957 3587 Rostris
976 3525 1071 3602 primi

101 3625 157 3667 uce
178 3607 381 3667 consederunt.
422 3607 537 3666 Citatus
558 3627 752 3684 reusmagno
778 3605 896 3683 agmine
910 3604 1109 3666 amicorumec

91 3683 298 3760 clientiumque
318 3704 370 3762 per
393 3686 519 3743 mediam
542 3685 714 3744 concionem
735 3686 772 3744 ad
786 3686 895 3745 Rostra
908 3683 997 3742 subiit
1008 3701 1017 3740 r
1029 3681 1070 3740 si·

91 3758 236 3836 lectioque
249 3763 335 3836 factm
350 3772 370 3802 “
379 3763 474 3836 Hcc,”
496 3762 599 3838 inquit,
621 3772 642 3802 “
651 3763 708 3833 die,
722 3763 832 3824 tribuni
844 3763 949 3842 plebis,
962 3776 1070 3838 vosque
