2556 4314
534 257 641 310 LIBER
657 260 678 313 1.
696 273 759 312 car.
775 274 815 310 rr.
1152 259 1173 318 ⁷

197 397 309 458 Grdusd
331 409 424 484 matre
448 400 503 460 Ilio
517 401 657 466 incolumi
678 413 773 477 uatus,
786 421 940 479 comesque
954 401 1022 462 inde
1041 411 1170 480 paternae
1233 443 1238 450 ·

196 478 282 555 fuge,
297 498 384 555 quem
395 479 492 539 Iulum
505 483 646 542 eumdem
656 481 734 542 Julia
744 503 817 560 gons
827 494 973 541 auctorem
987 481 1112 542 nominis
1125 481 1170 539 sui

186 569 355 636 nuncupat
397 559 427 616 Is
448 560 605 634 Ascanius,
627 561 803 638 ubicumque
826 572 855 621 et
878 565 1057 637 quicumque
1077 571 1170 618 matre

194 637 313 714 genitus
338 637 429 714 (certe
451 651 552 700 natum
576 641 672 698 AEn'ed
703 643 841 720 constat),
868 641 1035 698 abundante
1056 635 1170 698 Lavinii

172 717 390 785 multitudine,
405 717 556 779 florentem
566 719 625 794 jam
642 718 688 795 (ut
708 729 770 778 tum
784 723 940 798 reserant)
954 730 1040 794 atquc
1051 718 1170 794 opulen-

79 863 84 874 ,
141 793 144 801 ’
193 805 255 854 tam
275 795 375 854 urbem
390 797 484 869 matri,
497 815 550 854 seu
560 816 706 866 novercas,
720 799 856 873 reliquit:
878 817 981 856 noram
1003 798 1064 874 ipse
1084 797 1194 854 aliam,

193 874 250 932 sub
262 873 379 932 Albano
391 886 488 933 monte
502 875 650 946 condidit3
671 895 745 952 que,
760 878 797 934 ab
817 877 873 934 situ
887 887 1027 952 porrecte
1040 877 1071 934 in
1085 876 1171 934 dorso

192 952 282 1026 urbis,
304 953 408 1030 Longa
436 955 513 1011 Alba
534 955 685 1030 appellata.
727 956 808 1014 Inter
832 956 986 1014 Lavinium
1007 964 1038 1012 et
1060 954 1169 1012 Albam

192 1030 323 1108 longam
337 1033 481 1092 coloniam
494 1034 649 1094 deductam
662 1035 780 1112 triginta
799 1034 888 1092 ferme
902 1034 1058 1092 interfuere
1078 1033 1168 1092 anni:

159 1111 303 1170 tutantrim
317 1121 415 1170 tamea
438 1132 508 1188 opes
529 1115 821 1187 creverant,maxime
845 1114 916 1172 fusis
929 1113 1071 1186 Etruscis,
1085 1122 1118 1170 ut
1129 1129 1169 1170 ns

192 1200 282 1248 morte
295 1190 411 1267 quidem
433 1192 547 1260 AEneae‚
572 1211 629 1250 nec
652 1194 758 1252 deinde
772 1193 1031 1254 inter'muliebrem
1044 1191 1165 1251 tutelam

191 1269 443 1346 rudimentumque
467 1271 592 1347 primum
614 1271 733 1348 puerilis
756 1273 849 1349 regni,
874 1289 988 1330 movere
1013 1289 1093 1330 mma
1116 1279 1167 1328 aut

191 1347 360 1408 Mezentius
383 1351 566 1425 Etruscique,
591 1360 641 1408 aut
663 1351 712 1409 ulli
735 1352 784 1410 alii
799 1351 905 1410 accolae
920 1352 982 1409 ausi
995 1351 1062 1408 sint
1103 1349 1167 1408 Pax

190 1426 231 1485 ita
244 1440 429 1503 convenerat,
443 1440 476 1487 ut
496 1430 628 1488 Etruscis
642 1430 811 1507 Latinisque
825 1429 928 1488 fluvius
942 1430 1051 1490 Albula
1064 1428 1164 1505 (quern

156 1521 269 1565 rsnuuc
294 1507 428 1566 Tiberim
451 1509 569 1588 locant)
590 1509 657 1567 finis
677 1521 761 1568 esset.
804 1509 911 1568 Silvius
932 1510 1039 1568 deinde
1052 1517 1165 1584 regnat,

190 1585 313 1644 Ascanii
327 1587 415 1660 filius,
438 1606 508 1644 casu
527 1589 650 1662 quodam
664 1589 694 1645 in
708 1589 786 1646 silvis
799 1600 894 1646 natus.
935 1588 966 1645 Is
980 1588 1096 1646 AEueun
1111 1586 1166 1644 Sil-

189 1663 268 1722 vium
289 1675 388 1723 creat:
410 1666 434 1722 is
455 1666 560 1724 deinde
582 1666 719 1724 Latinum
743 1667 874 1724 Silvium.
915 1667 1021 1723 Abeo
1044 1664 1166 1722 coloniae

188 1742 298 1818 aliquot
317 1745 462 1818 deductae,
490 1745 582 1813 Prisci
609 1745 705 1803 latini
737 1745 879 1822 appellati.
933 1743 1043 1802 Mansit
1069 1742 1166 1801 siluis

187 1819 287 1898 postea
309 1823 446 1900 omnibus
468 1843 640 1900 cognomen,
665 1825 713 1899 qui
736 1824 821 1882 Albae
845 1823 1012 1900 regnarunt.
1060 1821 1166 1881 Latino

152 1915 179 1955 so
190 1900 267 1958 Alba
278 1911 367 1970 ortus,
382 1901 457 1959 Alba
472 1905 556 1978 Atys,
572 1903 648 1978 Atye
663 1903 769 1979 Capys,
788 1903 888 1978 Capye
902 1903 1039 1978 Capetus,
1054 1901 1165 1978 Capeto

189 1979 368 2052 Tiberinus3
388 1981 447 2057 qui,
472 1982 501 2040 in
517 1981 637 2058 trajectu
652 1982 768 2040 Albulae
783 1983 877 2040 amnis
897 1981 1072 2049 submersus,
1088 1981 1164 2040 cele·

189 2060 240 2116 bre
255 2060 291 2118 ad
305 2064 437 2136 posteros
451 2079 556 2118 nomen
578 2061 690 2119 flumini
704 2061 793 2119 dedit.
835 2061 965 2137 Agrippa
979 2061 1058 2133 iude,
1071 2060 1164 2119 Tibe-

188 2138 244 2197 rini
258 2139 352 2210 filium
372 2150 436 2217 post
449 2141 609 2217 Agrippam
630 2141 775 2198 Romulus
789 2139 905 2208 Silvius,
917 2159 935 2196 a
948 2149 1029 2215 patre
1042 2148 1163 2214 accepto

189 2217 317 2294 imperi0,
340 2223 450 2296 regnat.
492 2220 650 2293 Aventino,
664 2220 784 2278 fulmine
803 2218 864 2294 ipse
877 2219 960 2288 ictus,
975 2235 1097 2294 regnum
1111 2235 1163 2292 per

150 2311 291 2356 armanus
314 2299 449 2357 tradidit:
471 2299 506 2367 is,
526 2299 655 2374 sepultus
679 2300 708 2358 in
730 2319 765 2356 eo
779 2299 863 2370 colle,
884 2297 934 2372 qui
948 2315 1027 2354 nunc
1040 2307 1085 2354 est
1097 2313 1165 2372 pars
1212 2341 1228 2354 .

188 2375 329 2434 Romana
353 2378 442 2450 urbis,
466 2397 629 2454 cognomen
650 2378 717 2435 colli
741 2377 819 2435 fecit.
860 2377 953 2434 Proca
972 2375 1079 2433 deinde
1096 2393 1165 2452 reg·

187 2456 298 2514 nstris
320 2457 505 2515 Numitorem
530 2470 614 2530 atque
636 2455 787 2513 Amulium
814 2465 954 2530 procreat.
989 2453 1163 2527 Numitori,

186 2534 236 2610 qui
255 2535 351 2615 stirpis
371 2536 515 2593 maximus
538 2545 609 2602 erat,
631 2553 753 2610 regnum
777 2543 921 2590 vetustum
946 2532 1043 2590 Silviae
1066 2533 1163 2608 gentis

186 2609 271 2690 legat,
313 2612 382 2672 Plds
406 2614 569 2672 tamensis
593 2614 693 2688 potuit,
718 2611 804 2687 quim
831 2612 963 2669 voluntas
986 2610 1085 2686 patris,
1112 2620 1164 2668 aut

149 2694 362 2752 sorerecundia
387 2694 488 2751 aetatis.
530 2691 617 2749 Pulso
642 2691 737 2759 fratre,
765 2690 900 2747 Amulius
924 2701 1047 2766 regnat:
1082 2689 1163 2748 addit

184 2773 287 2832 sceleri
301 2773 413 2832 scelus:
435 2773 553 2848 stirpem
567 2770 661 2830 fratris
674 2770 784 2828 virilem
800 2769 956 2828 interimit:
977 2770 1071 2828 fratris
1084 2769 1161 2843 filiae,

185 2852 280 2910 Rheae
304 2852 409 2920 Silriae,
431 2871 483 2928 per
504 2851 631 2927 speciem
656 2849 780 2922 honoris,
811 2869 898 2925 quum
924 2850 1072 2910 Vestalem
1095 2869 1161 2908 eam

159 2959 161 2964 v
184 2931 313 3009 legisset,
327 2932 463 3007 perpetus
476 2931 640 3009 virginitate
654 2947 734 3007 spem
748 2932 844 3007 partus
857 2929 1025 3041 adimitq

248 3033 262 3074 a

227 3089 281 3148 IV.
316 3091 374 3150 Sed
395 3092 562 3161 debebatur,
585 3102 617 3150 ut
639 3091 750 3169 opinor,
773 3091 838 3149 fatis
858 3101 946 3150 tantae
966 3090 1048 3167 origo
1071 3088 1161 3162 urbis,

147 3170 362 3247 &maximique
376 3172 536 3230 secundum
551 3172 680 3231 Deorum
694 3191 764 3248 opes
777 3171 890 3248 imperii
902 3171 1086 3247 principium.
1120 3169 1160 3224 Vi

169 3257 350 3328 'compressa
363 3251 497 3319 Vestalis,
518 3271 607 3327 quum
631 3252 781 3328 geminum
804 3260 917 3327 parturn
941 3250 1087 3315 edidisset,
1109 3264 1161 3304 seu

140 3355 141 3360 ¹
184 3330 225 3388 ita
237 3340 309 3398 rata,
324 3349 376 3388 seu
390 3332 457 3406 quia
470 3331 551 3389 Deus
564 3342 664 3390 auctor
678 3331 770 3407 culpae
782 3329 929 3388 honestior
942 3331 1013 3400 erat,
1035 3327 1160 3386 Martem

184 3409 303 3469 incerta
317 3410 412 3487 stirpis
425 3422 534 3487 patrem
548 3421 705 3486 nuncupat.
728 3410 787 3468 Sed
801 3428 858 3467 neo
872 3409 933 3481 Dii,
947 3427 1004 3466 neo
1017 3405 1158 3484 immines,

184 3497 236 3546 aut
255 3489 345 3564 ipsam
360 3501 409 3548 aut
429 3491 547 3566 stirpem
561 3510 579 3548 a
592 3490 762 3548 crudelitate
776 3489 857 3566 rogii
877 3487 1045 3545 vindicant:
1065 3497 1163 3540 sacer·

145 3587 173 3627 sa
183 3566 237 3628 dos
250 3568 347 3626 vincta
360 3570 391 3628 in
404 3570 564 3631 custodiam
577 3571 679 3640 dctur3
694 3587 798 3645 pueros
812 3569 842 3626 in
855 3566 1044 3643 profluentem
1056 3575 1159 3631 aquam
1253 3571 1255 3574 '

183 3646 258 3706 mitti
277 3647 369 3724 jubet.
416 3649 504 3710 Forte
524 3649 649 3724 quddam
671 3648 811 3706 divinitus
833 3664 919 3720 super
940 3633 1160 3727 ripasu'l'iberis

183 3727 293 3791 effusus
306 3727 422 3788 lenibus
446 3729 565 3806 stagnis,
587 3747 647 3810 uec
668 3725 741 3785 adiri
762 3741 884 3800 usquam
905 3720 942 3778 ad
959 3726 1030 3790 Justr
1043 3725 1160 3768 cursum
