2556 4314
165 283 223 345 ιιι
562 280 633 330 ιιιι
648 279 722 330 ιιιι
782 249 785 256 ’
811 341 813 347 ,

59 452 63 460 -
163 433 182 464 “
193 441 326 482 neccum
335 422 525 491 Samnitibus,
536 441 603 480 cum
615 421 719 496 qulbus
739 419 812 478 nihil
826 419 936 496 egistis.
958 419 1140 482 Samnitibus

162 507 343 580 “sponsores
366 522 419 592 nos
440 521 550 568 sumus,
574 501 616 558 rei
640 500 708 558 satis
731 499 899 575 locupletes.
949 498 985 556 In
1006 501 1045 568 id,
1060 503 1138 576 quod

161 591 180 620 “
189 593 319 640 nostrum
330 591 393 651 est
408 601 439 640 111
450 579 719 656 rd‚quodpraestare
733 598 893 668 possumus,
908 597 1028 653 corpora
1038 591 1139 648 nostra
1219 589 1235 642 s
1263 629 1266 650 ,

160 663 179 692 “
190 670 221 718 et
228 679 357 730 ammas
372 661 403 718 in
414 661 477 718 haec
488 660 623 727 saeviant3
638 659 670 716 io
677 659 741 716 haec
753 657 888 725 ferrum,
881 677 912 714 ιιι
923 658 1009 714 haec
1002 677 1059 714 nas
1070 678 1138 717 acu·

160 741 179 770 “
191 749 249 796 snt.
270 739 360 804 Quod
369 739 405 796 ad
414 739 544 797 trrbunos
555 738 666 804 attinet,
681 737 833 809 consulite,
843 735 940 794 utrum
954 756 1081 812 praesens
1089 738 1137 796 de
1157 752 1171 792 s

160 821 179 849 “
174 818 262 878 ditio
275 837 375 876 eorum
385 818 447 876 fieri
455 818 553 894 possit,
562 817 638 874 anio
650 815 728 872 diem
738 815 894 874 differatur.
936 815 1018 873 Nos
1011 817 1135 891 interim,

10 887 12 894 ¹
97 917 102 924 ·
160 896 230 956 “T.
248 893 347 954 Veturi
349 916 477 972 ,vosque
491 897 599 963 caeteri,
613 894 680 952 vilia
694 896 757 952 haec
771 894 867 970 capita
879 894 995 952 luendae
1010 897 1137 971 sponsio·

159 983 179 1012 “
190 975 237 1034 nis
251 944 385 1052 feramds,
397 986 427 1034 et
440 987 537 1034 nostro
550 974 691 1050 supplicio
704 974 861 1060 liberemus
874 973 1011 1032 Romana
1025 993 1114 1036 arma
1089 975 1156 1121 X

196 1107 236 1190 X.
258 1131 351 1190 Movit
363 1133 464 1191 Patres
477 1132 656 1208 conscriptos
674 1141 735 1189 tum
750 1149 848 1204 causa,
862 1141 922 1189 tum
935 1125 1053 1202 auct'or;
1075 1149 1135 1190 nee

157 1221 276 1269 ceteros
287 1211 402 1281 schim,
426 1214 477 1270 sed
500 1212 630 1269 tribunos
650 1211 738 1268 etiarn
757 1210 863 1286 plebei,
878 1221 910 1268 ut
928 1230 958 1267 se
971 1210 1002 1267 in
1016 1211 1135 1268 senatds
1144 1221 1168 1260 1⁰

57 1291 61 1298 '
156 1290 288 1347 dicerent
301 1290 361 1348 lore
373 1301 532 1367 potestate.
574 1290 747 1366 Magistratu
768 1289 836 1346 inde
851 1309 882 1348 se
896 1287 1039 1364 externplo
1053 1289 1134 1346 abdi·

155 1378 301 1440 caverunt,
315 1369 468 1446 traditique
490 1369 641 1428 fecialibus
654 1388 724 1427 curn
737 1367 850 1426 caeteris
864 1367 1011 1424 Caudium
1025 1368 1133 1424 ducen-

155 1447 194 1504 di.
216 1447 283 1506 Hoc
297 1447 373 1507 sacto
387 1449 654 1516 senatus-consulto,
668 1448 720 1505 lux
734 1448 866 1522 quaedam
880 1446 1021 1504 affulsisse
1036 1446 1133 1503 civita·
1214 1468 1215 1472 ¹
1267 1425 1268 1432 ἵ

137 1519 141 1526 ’
154 1526 176 1583 ti
191 1525 250 1584 visa
263 1537 315 1584 est.
356 1528 521 1586 Postumius
533 1528 564 1585 in
579 1547 627 1586 ore
641 1535 722 1595 erat3
744 1545 812 1583 eunt
826 1526 961 1583 laudibus
976 1525 1012 1582 ad
1026 1524 1131 1582 coelurn

154 1604 300 1663 ferebant:
321 1607 513 1665 derationiP.
528 1607 612 1664 Decii
627 1568 763 1677 consulis,
777 1605 841 1661 aliis
855 1604 942 1662 claris
955 1603 1131 1661 facinoribus
1140 1617 1165 1657 ιι
1267 1665 1268 1694 ἦ

153 1685 313 1759 aequabant.
336 1695 356 1722 “
368 1685 527 1743 Emersisse
542 1685 687 1742 civitatem
701 1703 739 1740 ex
752 1683 878 1741 obnoxiis
892 1701 996 1773 pace
974 1683 1051 1739 illius
1062 1701 1131 1739 con-

154 1763 246 1821 “silio
259 1772 289 1820 et
301 1764 408 1838 opera.
429 1765 524 1838 ipsum
538 1783 569 1820 se
580 1762 756 1820 cruciatibus
767 1771 797 1818 et
811 1761 959 1818 hostium'
951 1780 1001 1817 trae
1014 1761 1129 1828 offerre,
1178 1834 1181 1840 Ι

152 1842 353 1917 “piaculaque
373 1861 424 1916 pro
437 1841 542 1917 populo
555 1841 690 1898 Romano
704 1841 801 1896 dare.'’
824 1840 915 1896 Arma
932 1839 1031 1896 cuncti
1046 1857 1130 1914 spec-

151 1929 214 1978 tant
234 1931 264 1976 et
287 1919 403 1976 bellurn.
446 1929 465 1955 “
477 1918 529 1976 En·
538 1937 664 1992 unquam
684 1918 822 1990 futurum,
837 1927 869 1975 ut
882 1917 1019 1993 congredi
1034 1935 1128 1974 arma·

151 2001 171 2030 “
182 1998 219 2055 tis
232 2013 300 2055 cum
315 1997 445 2072 Samnite
467 1997 574 2054 liceat.
565 1999 576 2038 t
588 1996 604 2024 ”
647 1996 683 2054 Iu
697 1996 813 2054 civitate
832 1997 875 2052 ird
888 1997 1010 2070 odioque
1025 1997 1163 2053 arden-et

150 2085 188 2146 te,
203 2075 332 2132 delectus
345 2094 433 2151 prope
448 2076 578 2133 omnium
592 2074 815 2132 voluntariorum
836 2074 908 2132 fuit:
929 2075 1075 2150 rescripte
1090 2094 1127 2134 ex

149 2119 252 2212 eddem
266 2153 356 2210 milite
377 2172 458 2211 novae
479 2154 632 2230 legiones,
641 2154 800 2228 ductusque
822 2153 858 2209 ad
880 2153 1025 2210 Caudium
1045 2172 1127 2212 exer·

149 2232 233 2291 citus.
274 2232 429 2308 Praegressi
444 2232 570 2304 feciales,
584 2231 634 2290 ubi
649 2233 685 2289 ad
698 2243 810 2318 portem
824 2233 936 2302 venere,
951 2240 1066 2288 vestem
1076 2233 1127 2289 de-

149 2311 223 2369 trahi
242 2311 322 2386 pacis
346 2311 529 2402 sponsoribus
550 2312 662 2387 jubent,
684 2329 788 2368 manus
808 2320 871 2386 post
884 2320 999 2386 tergum
1009 2329 1124 2370 vinctrr

147 2388 250 2453 Quum
264 2391 406 2466 apparitor
424 2389 605 2447 verecundia
619 2389 776 2465 majestatis
790 2389 969 2458 Postumium
983 2389 1087 2446 laxe'
1061 2409 1124 2446 vm-
1134 2405 1159 2446 es

148 2469 230 2538 ciret,
254 2469 364 2531 “Quin
379 2469 440 2541 tu,'’
464 2467 570 2544 inquit·
582 2478 601 2506 ‘⁶
613 2469 734 2525 adducis
752 2468 855 2536 lorum,
870 2479 903 2526 ut
920 2468 998 2545 justa
1011 2468 1060 2526 fiat
1073 2469 1123 2526 de·

149 2549 300 2607 “diuet''
342 2549 431 2620 Turn,
453 2549 505 2606 ubi
530 2549 682 2618 incretum
707 2547 881 2610 Samnitium
903 2558 933 2604 et
946 2548 983 2604 ad
997 2548 1121 2605 tribunal

112 2701 113 2706 η
146 2638 265 2686 ventum
286 2627 381 2687 Pontii
405 2637 458 2701 est,
480 2628 519 2684 A.
544 2627 698 2684 Cornelius
721 2627 833 2683 Arvina
851 2625 962 2684 fecialis
976 2623 1017 2683 ita
1036 2627 1123 2684 verba

146 2707 233 2766 lecit:
256 2707 468 2782 “Quandoque
493 2707 559 2764 hice
583 2705 715 2763 homines
739 2705 851 2780 injussu
872 2705 969 2781 populi
993 2705 1121 2763 Romani

145 2785 338 2846 “Quiritium
362 2785 455 2843 foedus
476 2785 566 2843 ictum
588 2785 622 2842 iri
647 2785 884 2860 spoponderunt,¹
898 2795 982 2859 atque
996 2785 1033 2841 ob
1055 2801 1157 2842 eamat

144 2873 164 2900 “
176 2881 236 2920 rem
251 2882 355 2921 noxam
377 2875 559 2954 nocuerunt3
579 2865 617 2921 ob
638 2882 702 2921 earn
717 2882 777 2920 rem
781 2861 864 2936 ,qud
878 2863 999 2939 populus
1011 2862 1123 2930 Roma·

144 2946 162 2973 “
173 2958 229 2998 nus
242 2942 384 2998 scelere
376 2943 464 3017 rnrpio
486 2944 523 3000 sit
537 2943 655 3014 solutus,
671 2943 758 3000 hosce
774 2943 906 3000 homines
920 2942 1000 3000 vobis
1014 2941 1118 2999 dedoss’

143 3020 217 3078 Haec
241 3020 350 3078 dicenti
374 3020 470 3078 feciali
484 3021 648 3079 Postumius
661 3040 740 3098 genu
754 3021 857 3090 femur,
872 3021 980 3096 quanta
994 3019 1119 3078 maxime

142 3089 253 3176 poterat
266 3100 303 3166 vi,
317 3099 449 3174 perculit,
469 3110 497 3157 et
512 3101 590 3158 clare
604 3119 675 3158 voce
699 3101 781 3173 ait‚“
793 3120 824 3158 se
849 3101 1010 3158 Samnitem
1025 3099 1119 3157 civem

142 3181 162 3210 ‘¹
173 3195 246 3248 esse,
261 3177 342 3235 illum
351 3177 502 3269 legatum3
524 3179 657 3237 fecialem
672 3199 688 3236 a
702 3198 733 3236 se
748 3190 849 3238 contra
859 3181 906 3256 jus
914 3179 1047 3257 gentium
1061 3179 1120 3236 vic·
1129 3197 1155 3238 st

142 3259 162 3288 “
169 3222 277 3326 lsturir3
299 3255 335 3314 ed
346 3257 451 3333 justius
465 3258 572 3316 bellum
586 3268 726 3334 gesturos.
730 3258 746 3286 ”
781 3281 786 3285 ’

180 3389 236 3474 XI.
256 3413 338 3472 Turn
359 3415 489 3488 Pontius,
512 3414 608 3473 “Nee
629 3434 684 3492 ego
705 3415 789 3474 istam
811 3414 994 3474 deditionem
1011 3414 1118 3490 accipi·

141 3504 227 3568 “am,
230 3493 270 3522 ’'
263 3493 365 3584 inquit,
380 3497 467 3550 “uec
492 3493 637 3579 Samnites
659 3505 749 3552 ratam
771 3496 928 3553 habebunt.
969 3493 1055 3556 Quin
1075 3505 1117 3566 tu,

10 3629 12 3640 ,
98 3581 100 3585 ’
140 3579 160 3608 “
169 3577 223 3652 Sp
233 3572 410 3641 Postumi,
387 3591 412 3631 st
433 3572 511 3630 Deos
533 3591 597 3630 esse
621 3592 733 3645 censes¹
749 3584 798 3632 aut
820 3575 920 3633 omnia
941 3573 1023 3632 irrita
1036 3573 1117 3644 lacis,

140 3663 159 3692 “
171 3665 220 3712 sut
229 3664 315 3729 pacto
328 3654 406 3711 stasl
448 3651 573 3709 Samniti
594 3654 699 3728 populo
718 3672 820 3711 omnes
821 3673 915 3729 ,quos
929 3653 960 3711 in
963 3661 1117 3728 potestate
1129 3670 1155 3710 ιο

139 3736 158 3764 “
169 3733 279 3802 habuit,
294 3742 344 3791 aut
356 3749 463 3808 praeis
476 3749 533 3807 pax
546 3729 675 3789 debetur.
718 3732 777 3790 Sed
788 3733 859 3807 qurd
873 3751 929 3810 ego
949 3744 978 3792 te
992 3731 1116 3807 appello,
1166 3799 1169 3802 Δ
1267 3749 1268 3792 ῑ

1263 1977 1268 2052 l
