2520 4310
107 317 209 433 2³0·
334 383 394 438 .·
506 343 719 420 niumm.

107 488 241 563 accepit..
272 483 430 562 Nunquam
453 505 505 563 per
517 506 619 547 omnes
639 488 712 558 dies,
726 506 764 547 ex
775 506 832 565 quo
845 488 1085 558 Claudiumcon-
1146 539 1149 544 .

108 568 200 624 sulem
221 565 393 646 proiectum·
406 563 486 624 sama
506 569 610 637 attulit,
632 568 744 627 aborto
764 570 825 642 sole
838 569 876 628 ad
889 571 1082 642 occidentem,
1146 618 1150 624 .

5 665 6 668 ¹
107 657 157 704 aut
170 655 284 728 senator
298 645 479 721 quisquamst
492 648 574 705 curid
587 657 672 724 atque
683 645 723 704 'ab
737 649 955 726 magistratibus
971 651 1083 712 absces-

107 724 153 803 sit,
168 736 218 783 aut
237 725 360 801 populus
379 725 480 784 eloro.
521 723 674 801 Matrona,
696 728 767 803 quia
788 729 861 787 nihil
878 729 914 787 'in
936 729 1005 806 ipsis
1022 733 1084 808 opis
1144 767 1149 778 ·

105 815 176 873 erat,
202 806 348 882 inprecer
368 805 630 882 obtestationesque
650 824 750 876 versae,
771 826 823 885 per
846 809 945 868 omnia
965 811 1084 870 delubra
1104 836 1118 880 n

5 893 9 912 ⁵
105 903 186 962 vagos
210 885 359 962 suppliciis
380 885 507 962 votisque
531 886 651 964 fatigare
675 885 764 945 Deos.
805 887 883 946 Tam
905 889 1035 948 sollicite
1048 909 1083 950 ao

6 971 7 974 ’
105 982 251 1042 suspense
266 964 374 1022 civitati
399 964 476 1024 fama
488 966 600 1026 incerta
613 965 705 1043 primb
719 963 836 1036 accidit,
852 969 926 1027 duo's
939 969 1083 1029 Narnien-

104 1063 151 1102 ses
177 1045 287 1120 equites
311 1043 342 1104 in
369 1044 473 1113 castra‚'
500 1046 616 1121 quasin
643 1045 777 1106 faucibus
802 1047 931 1106 Umbriae
952 1049 1082 1125 oppositu

5 1185 7 1190 .
103 1134 195 1192 erant,
207 1123 320 1180 venisse
334 1141 371 1180 ex
383 1124 494 1200 proelio,
505 1124 673 1183 nuntiantes
687 1143 778 1185 caesos
791 1127 895 1186 hostes.
937 1127 975 1186 Et
987 1128 1081 1203 primo

103 1203 196 1280 magis
209 1203 337 1276 auribus,
351 1203 436 1277 quim
451 1205 566 1278 animis,
580 1205 610 1262 id
631 1216 786 1282 acceptum
799 1217 869 1275 erat,
883 1217 916 1264 ut
928 1207 1021 1284 majus
1031 1208 1080 1265 lae-
1090 1215 1116 1254 1⁰

102 1282 226 1360 busque,
240 1283 325 1358 quim
338 1283 414 1358 quod
428 1294 526 1342 mente
537 1303 652 1361 capere,
668 1295 718 1344 aut
731 1287 800 1344 satis
814 1287 934 1347 credere
947 1297 1080 1362 possent:

102 1371 131 1420 et
145 1364 206 1439 ipsa
230 1361 362 1420 celeritas
382 1361 469 1424 fidem
491 1364 677 1440 impediebat,
694 1365 773 1441 qudd
788 1365 878 1424 biduo
892 1365 958 1423 ante
974 1373 1086 1442 pugna·'

102 1451 164 1500 tum
178 1442 337 1500 dicebatur.
379 1439 485 1506 Literae
498 1443 605 1502 deinde
617 1444 654 1501 ab
667 1444 701 1501 L.
716 1441 831 1504 Manlio
845 1445 975 1504 Acidino
987 1446 1081 1504 missae

99 1539 137 1579 ex
150 1522 252 1580 castris
265 1522 425 1580 afferuntur
435 1523 473 1580 de
487 1523 697 1582 Narniensium
710 1525 987 1600 equitumadventu.
1029 1524 1101 1588 Ee,
1142 1577 1166 1590 ,,

71 1607 74 1612 ’
100 1601 201 1669 litere,
223 1620 275 1678 per
298 1601 391 1659 sorum
416 1603 452 1660 sd
466 1601 590 1660 tribunal
612 1604 742 1678 praetoris
762 1604 838 1673 late,
853 1613 984 1662 senatum
1000 1603 1081 1662 curib
1090 1616 1116 1656 1⁵

101 1681 290 1755 exciverunt:
311 1691 448 1758 tantoque
472 1682 630 1740 certamine
644 1701 680 1740 ac
700 1684 827 1743 tumultu
843 1683 942 1761 populi
956 1684 991 1742 ad
1007 1683 1081 1742 sores

102 1761 191 1819 curiae?
200 1775 374 1820 concursum
385 1771 438 1832 est,
451 1771 481 1819 ut
491 1761 570 1819 adire
584 1761 704 1820 nuntius
717 1781 777 1823 non
787 1775 901 1840 possets
909 1763 1080 1846 tpaheretur·

101 1859 158 1916 que
170 1860 187 1898 a
200 1842 438 1917 percontantibus
462 1841 753 1917 vociferantibusque,
775 1853 808 1901 ut
821 1843 851 1900 in
864 1841 978 1918 Rostris
990 1841 1078 1920 priris,

100 1921 188 1995 quim
203 1922 232 1978 in
257 1932 370 1989 senatu,
395 1921 485 1978 literae
509 1921 707 1980 recitarentur.
715 1943 723 1986 1
749 1920 886 1981 Tandem
908 1920 1032 1979 submoti
1049 1919 1080 1978 et

101 2000 220 2057 coerciti
245 2019 263 2056 a
286 2000 517 2076 magistratibus:
539 2000 755 2076 dispensarique
779 2000 879 2059 laetitia
902 2001 977 2060 inter
990 1999 1117 2076 impe-2⁰

56 2110 59 2114 ·
99 2088 194 2136 tentes
213 2078 278 2155 ejus
302 2080 414 2140 animos
437 2080 537 2155 potuit.
580 2079 616 2138 In
641 2089 744 2138 senatu
767 2078 902 2156 primdm,
927 2079 1032 2138 deinde
1047 2079 1078 2136 in

99 2157 253 2225 concione,
274 2157 364 2218 literae
386 2159 512 2219 recitate
534 2169 620 2220 sunt:
649 2169 687 2231 et,
711 2178 762 2235 pro
786 2159 926 2235 cujusque
947 2159 1078 2235 ingenio,

99 2238 163 2295 aliis
173 2239 234 2314 jam
258 2248 369 2298 certum
393 2238 622 2317 gaudiumsaliis
636 2238 715 2296 nulla
729 2237 793 2296 ante
807 2233 903 2296 lutura
916 2236 989 2294 fides
1002 2249 1077 2310 erat,

98 2316 184 2392 qudm
199 2317 309 2394 legatos
322 2319 509 2378 consulumve
522 2319 620 2376 literas
640 2319 795 2376 audissent
1082 2316 1086 2322 ’

39 2415 40 2418 ’
774 2403 789 2430 0

137 2477 188 2536 LI.
208 2477 293 2555 Ipsos
313 2478 419 2544 deinde
434 2476 661 2555 appropinquare
672 2476 784 2554 legatos
797 2473 916 2533 allatum
930 2486 994 2533 est:
1015 2484 1078 2532 tum
1087 2490 1114 2530 2⁵

99 2559 247 2618 enimvero
268 2558 362 2618 omnis
385 2568 453 2616 etas
475 2576 590 2616 currere
610 2556 702 2624 obvii„
719 2555 830 2635 primus
852 2555 972 2630 quisque
986 2553 1078 2616 oculis

99 2635 273 2715 auribusque
287 2639 402 2698 haurire
416 2647 528 2696 tantum
541 2636 681 2714 gaudium
695 2635 865 2711 cupientesz'
885 2635 921 2692 ad
936 2634 1082 2716 Mulvium·
1138 2691 1141 2698 ,

99 2717 197 2794 usque
212 2729 328 2794 pontem
350 2719 504 2776 continens
534 2735 639 2793 agmen
667 2715 808 2792 pervenit.
850 2713 953 2790 Legati
982 2712 1078 2790 (erant

100 2799 134 2855 L.
150 2799 288 2854 Veturius
302 2798 394 2867 Philo,
406 2797 438 2855 P.
453 2795 704 2867 LiciniusVarus,
717 2794 759 2856 Q.
774 2793 912 2852 Caecilius
925 2791 1077 2870 Metellus)

100 2875 269 2951 circumfusi
283 2877 376 2934 omnis
389 2874 668 2954 generis-*hominum
688 2873 850 2950 frequentiis
864 2874 894 2930 in
908 2871 999 2931 sorum
1012 2889 1079 2948 per·
1088 2889 1116 2930 ac

33 2967 37 2982 ¹
99 2965 260 3025 venerunt3
282 2975 371 3030 quum
385 2957 434 3015 alii
456 2957 542 3033 ipsse,
556 2956 604 3014 alii
619 2954 740 3014 comites
753 2971 942 3034 eorumquae
956 2961 1022 3011 acta
1034 2969 1079 3009 es·

99 3044 174 3104 sent,
199 3045 454 3110 percontarentur3
483 3047 522 3108 et,
541 3047 573 3094 ut
599 3034 719 3112 quisque
747 3033 887 3105 audierat,
916 3031 1079 3090 exercitum

82 3151 86 3160 ·
99 3116 223 3175 hostium
238 3115 495 3193 imperatoremque
506 3115 646 3192 occisum,
656 3113 786 3192 legiones
798 3112 950 3171 Romanas
964 3110 1080 3182 incolu-

99 3215 172 3270 mes,
186 3196 278 3254 salvos
292 3197 426 3255 consules
447 3195 679 3270 esse,.exteniplo
700 3193 764 3251 aliis
777 3211 861 3269 porro
874 3190 1080 3267 impertiebant

98 3277 237 3357 gaudium
259 3295 352 3334 suum.
392 3275 496 3337 Quum
521 3273 597 3350 aegrd
622 3273 653 3330 in
677 3273 788 3330 curiam
801 3279 971 3348 perventum
993 3279 1078 3337 esset,
1089 3287 1117 3328 as

99 3357 190 3418 multo
205 3355 308 3434 aegrius
321 3355 452 3413 submoti
465 3353 560 3427 turbt,
584 3364 622 3411 ne
646 3352 779 3411 Patribus
793 3351 974 3420 misceretur,
988 3348 1079 3415 literae

99 3441 137 3507 in¹
145 3448 248 3496 senatu
261 3435 388 3494 recitatae
409 3443 498 3514 sunt:
521 3433 589 3491 inde
603 3432 736 3508 producti
750 3433 781 3489 in
796 3431 968 3489 concionem
980 3428 1078 3504 legati.

100 3521 134 3578 L.
149 3517 298 3589 Veturius,
312 3513 403 3572 literis
416 3512 553 3586 recitatis,
575 3511 636 3588 ipse
660 3511 775 3589 planius
798 3510 907 3587 omnia,
931 3525 996 3584 quae
1014 3517 1081 3565 acta

98 3609 192 3671 erent,
206 3595 338 3672 exposuit
358 3613 426 3652 cum
440 3591 552 3670 ingenti
567 3611 696 3666 assensu,
710 3589 856 3668 postre'mb
870 3590 959 3670 eriam
973 3587 1081 3646 clamo·

99 3700 131 3737 re
156 3677 297 3734 universae
312 3673 471 3741 concionis,
493 3691 583 3748 quum
596 3672 643 3730 vix
657 3671 798 3749 gaudium
812 3669 1079 3744 enimis‘caperent.
1091 3693 1121 3732 40
1150 3699 1153 3706 ·

99 3757 274 3814 Discursum'
296 3754 364 3811 inde
385 3753 421 3810 ab
442 3753 506 3810 aliis
519 3752 598 3810 circa
611 3751 719 3827 templa
731 3751 846 3818 Derim*
859 3759 892 3808 ut
904 3758 1000 3826 grates
1014 3763 1083 3823 age·

101 3843 185 3900 rent3
207 3831 244 3887 ab
267 3831 331 3888 aliis
351 3833 460 3901 domos,
485 3841 518 3892 ut
541 3829 715 3910 conjugibus
737 3830 893 3905 liberisque
908 3839 968 3888 tam
981 3827 1082 3888 letum
