2556 4314
478 362 584 412 LIBER
599 361 632 412 V.
649 375 712 414 car.
729 378 756 413 ι..
1051 358 1109 418 129

130 531 132 537 ,
174 504 287 564 XLIX.
310 505 370 563 Sed
394 503 500 581 Diique
521 516 551 564 et
564 506 697 565 homines
708 505 880 582 prohibuere
894 505 1055 582 redemptos
1068 505 1108 562 vi·

134 601 200 643 rere
224 585 397 643 Romanos:
427 604 494 642 nam
519 585 591 644 forte
619 587 752 660 quddam,
773 587 851 662 prids
878 583 965 661 quam
991 583 1109 644 infanda

133 680 247 722 merces
265 664 460 741 perficeretur,
474 683 525 740 per
549 665 763 722 altercationem
785 666 914 723 nondum
937 665 1016 722 omni
1039 681 1108 722 auro

40 783 41 788 κ
91 769 95 772 -
132 759 273 818 appenso,
298 744 420 802 dictator
444 744 617 814 intervenit3
649 743 809 819 auferrique
834 763 936 802 aurum
949 744 986 802 de
1002 743 1108 816 medio,

111 831 162 879 ⁵et
188 823 287 881 Gallos
308 823 470 898 submoveri
491 823 582 900 jubet.
636 821 739 884 Quum
760 823 802 880 illi
825 823 984 882 renitentes
1009 832 1110 900 pactos

131 899 267 959 dicerent
281 921 353 970 sese,
378 912 465 978 negat
487 921 552 959 eam
576 901 740 976 pactionem
754 914 845 960 ratam
858 909 932 976 esse,
946 921 1020 978 quae,
1034 911 1110 980 post·

130 998 222 1053 quam
243 981 302 1056 ipse
317 981 438 1039 dictator
460 991 574 1038 creatus
595 990 680 1048 esset,
705 981 816 1056 injussu
840 1001 894 1040 suo
915 983 952 1038 ab
966 981 1110 1041 inferioris

129 1057 204 1135 juris
218 1059 384 1135 magistratu
409 1059 486 1117 facta
506 1068 601 1117 esset:
623 1059 831 1135 denuntiatque
855 1060 957 1134 Gallis,
981 1070 1014 1118 ut
1026 1080 1058 1118 se
1073 1061 1109 1118 ad

130 1137 264 1212 proelium
285 1138 449 1213 expediant.
498 1139 574 1198 Suos
597 1139 628 1196 in
650 1157 787 1197 acervum
808 1141 954 1216 conjicere
968 1139 1107 1207 sarcinas,

52 1260 59 1270 .
101 1225 160 1274 rtet
174 1235 254 1274 arma
275 1227 382 1293 aptare,
408 1217 549 1293 ferroque,
571 1237 630 1276 non
654 1236 734 1292 auro,
747 1238 918 1296 recuperare
931 1219 1052 1296 patriam
1064 1219 1109 1296 ju·

131 1295 189 1364 bet,
205 1296 236 1354 in
250 1307 409 1374 conspectu
429 1298 570 1355 habentes
584 1297 651 1354 fana
664 1297 772 1372 Deirm,
786 1309 815 1356 et
833 1299 981 1377 conjuges,
996 1308 1026 1356 et
1037 1298 1109 1356 libe·

130 1393 186 1446 ros,
201 1386 232 1434 et
245 1376 337 1434 solum
351 1376 450 1452 patriae
463 1376 592 1435 deforme
613 1377 681 1434 belli
695 1377 788 1446 malis,
810 1387 839 1436 et
858 1379 966 1448 omnia,
981 1397 1045 1454 quae
1059 1377 1109 1436 de·

129 1452 212 1512 feudi
226 1455 373 1530 repetique
394 1465 423 1513 et
436 1455 539 1513 ulcisci
554 1455 655 1514 fassit.
695 1457 817 1515 Instruit
829 1458 937 1516 deinde
957 1457 1061 1525 aciem,
1076 1468 1108 1515 ut

128 1531 186 1591 loci
202 1544 307 1592 natura
327 1534 499 1609 patiebatur,
514 1535 545 1592 in
563 1535 708 1593 semirutae
730 1536 790 1594 solo
803 1536 891 1610 urbis,
906 1545 936 1596 et
949 1539 1051 1594 natura
1064 1537 1108 1594 in·

97 1629 120 1669 15
128 1613 246 1688 equali,
268 1623 297 1670 et
310 1613 417 1681 omnia,
432 1632 495 1688 quae
510 1624 570 1670 arte
583 1613 651 1670 belli
673 1613 802 1672 secunda
815 1616 874 1672 suis
886 1615 955 1692 eligi
968 1633 1108 1692 praepara-

126 1692 190 1749 rive
207 1702 349 1767 poterant,
362 1692 494 1768 providit.
535 1692 621 1766 Galli,
632 1694 706 1752 noval
718 1711 750 1750 re
763 1693 877 1769 trepidi,
888 1712 967 1752 arma
980 1695 1108 1770 capiunt,

126 1771 230 1845 ireque
252 1771 354 1847 magis,
370 1771 456 1846 quam
480 1772 610 1846 consilio,
625 1771 655 1828 in
677 1772 828 1831 Romanos
841 1773 1000 1831 incurrunt.
1042 1772 1109 1830 Jarn

127 1859 254 1907 verterat
268 1849 391 1918 fortuna,
403 1851 464 1926 jam
485 1850 613 1909 Deorum
634 1870 704 1927 opes
718 1852 900 1928 humanaque
914 1852 1107 1910 consiliarem

127 1927 297 1987 Romanam
311 1930 494 2006 adjuvabant.
536 1929 629 2008 Igitur
642 1930 736 2007 primo
750 1949 895 1992 concursu
909 1932 986 1990 baud
1000 1931 1108 2008 majore

96 2018 281 2067 aomomento
302 2008 357 2066 fusi
381 2009 457 2067 Galli
471 2017 547 2078 sunt,
562 2010 647 2090 quim
661 2010 698 2068 ad
712 2009 821 2068 Alliam
841 2011 978 2070 vicerant.
1019 2010 1109 2068 Justi·

127 2106 178 2146 ore
205 2087 294 2145 altero
318 2088 423 2146 deinde
447 2089 547 2164 proelio
571 2089 608 2146 ad
627 2099 761 2148 octavum
785 2089 910 2166 lapidem
924 2089 1038 2148 Gabina
1051 2089 1106 2163 via,

129 2165 185 2242 quo
203 2185 235 2224 se
248 2185 285 2224 ex
298 2167 365 2244 fuga
389 2168 580 2236 contulerant,
604 2167 734 2244 ejusdem
749 2168 840 2227 ductu
853 2169 1037 2246 auspicioque
1051 2169 1107 2228 Ca·

128 2245 204 2304 milli
218 2244 380 2303 vincuntur.
423 2246 468 2303 Ibi
490 2247 586 2304 caedes
606 2245 704 2304 omnia
716 2246 860 2306 obtinuit:
882 2258 975 2307 castra
988 2248 1107 2324 capiun-

128 2333 186 2392 tur,
204 2334 233 2381 et
246 2343 283 2382 ne
297 2325 416 2382 nuntius
429 2325 544 2400 quidem
559 2326 650 2384 eladis
663 2326 801 2384 relictus..
831 2326 973 2400 Dictator,
987 2345 1107 2403 recupe-

96 2404 191 2464 errata
207 2421 244 2460 ex
260 2404 388 2462 hostibus
401 2404 502 2479 patrii,
525 2404 707 2491 triumphans
729 2405 760 2463 in
784 2405 893 2464 Urbem
906 2405 998 2474 redit3
1019 2406 1107 2464 inter-

128 2501 185 2557 que
199 2481 281 2559 jocos
304 2483 452 2551 militares,
476 2502 547 2558 quos
570 2473 734 2542 irioo'n‘ditos
755 2483 877 2559 jaciunt,
902 2485 1047 2542 Romulus
1071 2501 1106 2540 ac

128 2579 236 2636 parens
258 2562 368 2638 patriae,
382 2562 570 2636 conditorque
592 2561 663 2619 altor
683 2561 773 2634 urbis,
787 2561 865 2618 haud
879 2562 961 2619 ranis
973 2561 1107 2618 laudibus

129 2635 298 2718 appellaturi
340 2641 490 2698 Servatam
512 2639 618 2698 deinde
642 2639 717 2696 bello
737 2640 859 2715 patriam
872 2641 976 2697 iterum
991 2639 1021 2696 in
1035 2656 1108 2714 pace

21 2755 24 2772 ι
129 2717 210 2778 haud
234 2720 320 2778 dubie*
346 2720 478 2788 servavit,
502 2736 591 2795 quum
613 2717 760 2795 prohibuit
774 2719 890 2796 migrari
904 2718 1003 2798 Vejos,
1017 2727 1047 2776 et
1060 2717 1108 2776 tri·

97 2823 120 2864 ao
130 2797 218 2856 bunis
232 2818 291 2858 rem
313 2799 453 2858 intentius
475 2799 628 2876 agentibus
641 2807 705 2874 post
719 2797 868 2856 incensam
882 2797 1000 2866 Urbem,
1015 2807 1045 2856 et
1056 2814 1108 2874 per

129 2895 160 2935 se
176 2878 316 2936 inclinate
340 2879 432 2955 magis
453 2879 537 2956 plebe
552 2878 632 2936 adid
654 2877 827 2936 consilium:
848 2896 939 2956 eaque
953 2895 1041 2936 causa
1054 2877 1108 2935 fuit

129 2974 190 3015 non
205 2957 375 3015 abdicandae
389 2968 452 3034 post
465 2959 641 3035 triumphum
656 2956 816 3031 dictatore,
838 2957 941 3016 senatu
953 2957 1107 3017 obsecran-

129 3046 169 3104 te,
185 3054 224 3093 ne
238 3036 444 3112 rempublicam
458 3037 488 3096 in
502 3039 614 3098 Incerto
634 3036 809 3115 relinqueret
822 3048 905 3096 statu.
928 3029 987 3130 >l

45 3193 64 3247 t
162 3192 205 3251 ·L.
228 3193 367 3253 Omnium
390 3195 525 3272 primum,
550 3206 582 3254 ut
602 3207 664 3255 erat
677 3197 914 3274 diligentissimus
934 3197 1107 3276 religionum

43 3299 48 3308 ·
79 3272 233 3342 'asculton
258 3294 321 3350 quae
345 3276 382 3332 ad
403 3275 482 3334 Deos
506 3276 681 3334 immortales
706 3276 900 3352 pertinebant,
925 3276 1046 3348 retulit;
1076 3285 1107 3333 et

130 3354 425 3432 senatus-consultum
438 3354 517 3422 facit,
541 3363 560 3392 ‘¹
572 3355 655 3413 Fana
674 3356 782 3424 omnia,
802 3355 877 3432 qudd
891 3375 927 3414 ea
940 3357 1029 3415 hostis
1042 3371 1106 3431 pos·

131 3439 150 3468 ‘⁴
162 3433 295 3505 sedisset,
309 3433 536 3501 restituerentur,
550 3434 782 3508 terminarentur,
796 3437 1045 3512 expiarenturque,
1059 3450 1107 3489 ex·

131 3514 150 3542 “
161 3511 309 3588 piatioque
323 3530 422 3569 eorum
435 3511 465 3569 in
479 3512 558 3570 libris
576 3532 626 3589 per
645 3514 811 3573 duumviros
823 3525 1015 3590 quareretur:
1037 3525 1105 3566 oum

131 3598 151 3626 ‘⁴
163 3589 326 3649 Caeretibus
339 3589 492 3666 hospitium
506 3592 620 3667 publice
635 3593 725 3662 fieret,
742 3593 818 3668 quod
840 3612 923 3651 sacra
934 3588 1034 3676 populi
1045 3586 1107 3642 Ro·

97 3690 120 3729 ro
131 3678 151 3706 “
160 3670 239 3728 mani
251 3688 286 3726 ac
297 3670 460 3728 sacerdotes
470 3671 655 3747 recepissent,
662 3672 860 3746 beneficioque
869 3672 932 3747 ejus
940 3664 1036 3755 populi
1048 3679 1106 3753 non

132 3749 342 3808 “intermissus
357 3750 448 3809 honos
461 3749 555 3809 Derim
579 3751 782 3810 immortalium
801 3758 895 3806 esset:
917 3745 978 3802 ludr
992 3741 1107 3817 Caprto·

132 3827 212 3891 “lini
226 3829 338 3901 fierent,
353 3828 429 3908 quod
443 3830 555 3910 Jupiter
569 3829 706 3910 Optimus
726 3827 876 3890 Maximus
896 3839 978 3886 suam
996 3820 1106 3895 sedem,
