2520 4310
115 355 175 418 218
504 325 588 406 ‘rm
603 311 689 405 uvir
774 359 778 366 ·

114 510 244 566 novena,
254 515 306 574 per
312 495 421 560 Urbem
429 505 541 566 euntes,
555 515 672 555 carmen
681 503 828 554 canerent.
849 491 884 551 Id
896 512 985 569 quum
995 496 1026 557 in
1039 497 1091 574 Jo-
1152 549 1157 560 .

114 577 158 635 vis
172 577 292 640 Statoris
306 577 367 634 aede
379 576 534 649 discerent,
548 575 696 633 conditum
707 574 744 652 ab
757 573 840 642 Livio,
852 575 950 648 poeta,
961 595 1089 648 carmen,

114 663 194 720 tacta
207 656 243 712 dc
257 655 331 713 coelo
345 655 421 712 aedes
441 655 472 712 in
493 654 640 712 Aventino
661 653 680 710 J
682 653 785 710 unonis
799 652 945 728 Reginae:
967 656 1092 731 prodigi-

29 740 33 750 '
115 751 221 808 umque
235 733 265 790 id
279 734 315 791 ad
337 744 481 791 matronas
500 733 654 810 pertinere,
668 731 814 806 aruspices
825 748 915 804 quum
926 731 1092 808 respondis·

115 823 191 884 sent,
212 812 344 886 donoque
369 811 473 869 Divam
496 811 668 886 placandam
689 827 752 866 esce
764 817 776 878 ς’
795 809 922 866 aedilium
946 811 1091 871 curulium
1112 819 1141 862 δ’

115 888 212 963 edicto
225 891 256 947 in
280 890 456 966 Capitolium
479 899 654 962 convocate,
677 887 780 962 quibus
801 887 832 944 in
857 888 928 944 urbe
942 888 1090 958 Romani,

115 966 247 1042 intraque
262 968 408 1026 decimum
429 967 554 1042 lapidem
577 967 614 1023 ab
638 965 719 1037 urbe,
733 964 882 1023 domicilia
898 977 1006 1039 essent,
1021 967 1091 1041 ipsae

116 1043 191 1102 inter
204 1063 235 1102 se
259 1046 384 1120 quinque
408 1057 438 1103 et
458 1045 559 1120 viginti
580 1036 759 1119 delegerunt,
781 1044 817 1099 ad
829 1062 902 1116 quas
925 1062 962 1100 ex
975 1044 1090 1103 dotibus

115 1123 218 1198 stipem
231 1123 405 1180 conferrent.
446 1121 520 1180 Inde
545 1121 653 1179 donum
670 1121 760 1196 pelvis
774 1129 862 1177 aurea
875 1121 958 1190 facta,
972 1121 1088 1196 lataque

115 1199 153 1256 iti·
166 1200 358 1273 ‘Aieutiuum
381 1199 508 1276 pureque
532 1211 561 1257 et
585 1198 665 1256 caste
680 1209 705 1255 'a
728 1199 867 1260 matronis
884 1199 1086 1258 sacrificatum.
1098 1217 1125 1256 ro
1137 1213 1146 1233 ³

115 1277 276 1336 Confestim
298 1279 334 1334 ad
359 1277 437 1335 aliud
456 1277 631 1334 sacrificium
652 1277 748 1334 eidem
771 1276 854 1334 Divae
867 1277 903 1333 ab
917 1277 1090 1336 decemviris

97 1349 213 1412 edicta'
224 1355 296 1427 dies,
318 1355 402 1432 cujus
422 1355 492 1413 ordo
513 1355 577 1412 talis
602 1355 673 1411 luit:
696 1355 732 1411 ab
757 1343 818 1411 iada
840 1354 985 1429 Apollinis
995 1355 1091 1414 bores

115 1431 240 1488 foeminae
255 1433 326 1490 albae
341 1435 405 1490 duae
420 1433 502 1508 porti
525 1432 703 1489 Carmentali
724 1432 755 1488 in
768 1432 871 1490 urbem
892 1433 1007 1490 ductaer
1027 1444 1092 1509 post

114 1527 164 1567 eas
177 1511 235 1566 duo
243 1510 329 1586 signa
343 1524 498 1585 cupressea
510 1509 635 1567 lunonis
655 1510 781 1586 Reginae
802 1509 1007 1584 portabantur:
1028 1515 1090 1568 tum
1135 1517 1137 1521 ’

115 1598 225 1663 septem
239 1598 268 1645 et
292 1589 393 1663 viginti
416 1589 552 1663 virgines,
575 1587 691 1662 longam
705 1586 814 1644 indute
835 1599 956 1656 vestem,
970 1603 1089 1648 carmen
1102 1605 1126 1646 1⁵

115 1664 146 1722 in
160 1665 306 1723 Junonem
327 1665 475 1750 Reginam
499 1673 637 1721 canentes
658 1665 749 1732 ibant,
764 1665 814 1722 ills
827 1675 996 1742 tempestate
1011 1667 1091 1725 forsi-

114 1751 164 1800 tan
178 1742 322 1800 laudabile
343 1743 462 1800 rudibus
485 1742 620 1817 ingeniis,
644 1760 724 1798 nunc
738 1743 895 1800 abhorrens
916 1740 1090 1804 et'incondi-

115 1830 188 1894 tum,
202 1821 226 1878 si
247 1821 394 1879 referatur.
435 1820 589 1895 Virginum
609 1819 743 1878 'ordinem
768 1821 959 1894 sequebantur
972 1823 1088 1882 decem-

118 1898 171 1955 viri
196 1899 326 1956 coronati
349 1897 457 1966 laured,
480 1897 703 1972 pretextatique.
745 1898 775 1954 A
795 1899 876 1973 porti
889 1899 1009 1975 Jugario
1022 1900 1088 1959 rico

115 1969 253 2033 inscium
275 1977 398 2033 venere:
419 1975 450 2033 in
474 1974 534 2033 soro
553 1994 658 2058 pompa
676 1975 824 2045 constitit3
852 1987 891 2050 et,
912 1996 964 2052 per
986 1991 1126 2037 manusco

115 2061 191 2111 reste
204 2053 282 2119 datd,
304 2053 429 2128 virgines
453 2071 557 2110 sonum
579 2053 659 2110 vocis
676 2052 760 2130 pulsu
784 2055 893 2128 pedum
906 2055 1089 2114 modulantes

116 2129 315 2188 incesserunt:
337 2129 404 2186 inde
419 2128 483 2186 vico
496 2130 598 2187 Tusco
615 2131 806 2204 Velabroque,
819 2151 871 2204 per
884 2133 1022 2191 Boarium
1035 2134 1089 2194 Fo
1130 2193 1133 2202 ,

116 2225 191 2275 rum,
215 2207 246 2264 iu
260 2205 375 2264 Clivum
399 2207 562 2264 Publicium
585 2217 671 2282 atque
698 2207 788 2264 adem
809 2208 934 2266 Junonis
961 2207 1090 2286 Reg‘inae

117 2294 296 2360 perrectum:
317 2284 358 2340 ibi
379 2285 445 2341 duae
468 2285 567 2342 hostiae
589 2285 626 2341 ab
647 2285 816 2344 decem‘riris
829 2285 994 2356 immolatas,
1008 2290 1092 2348 etsi-

120 2362 248 2452 mulac'ra
260 2380 415 2440 cupressea
428 2363 458 2424 iu
472 2363 564 2423 aedem
578 2363 663 2424 illata.
1100 2387 1127 2430 25
1166 2407 1169 2414 .

161 2521 342 2596 XXXVIII.
363 2525 493 2594 Diisritd
506 2525 635 2603 placatis,
650 2526 794 2586 delectum
805 2526 939 2587 consules
949 2525 1095 2586 habebant

120 2604 214 2662 acrids
235 2605 437 2681 intentidsque,
458 2607 543 2680 quam
566 2607 708 2682 prioribus
732 2607 817 2664 armis
827 2607 978 2681 quisquam
991 2606 1092 2663 memi-

120 2694 203 2741 nerat
216 2683 364 2740 habitum:
386 2701 453 2740 nam
467 2694 497 2740 et
509 2684 577 2741 belli
591 2695 681 2742 terror
701 2684 864 2760 duplicatus
877 2684 944 2740 novi
958 2684 1047 2741 hostis
1060 2683 1090 2741 in

121 2759 235 2817 Italiam
249 2761 391 2830 adventur
413 2771 442 2818 et
454 2761 552 2819 minus
571 2762 730 2838 juventutis
750 2773 821 2830 erat,
836 2763 914 2820 unde
932 2761 1092 2818 scribererlt

121 2837 234 2892 milites.
276 2837 376 2910 Itaque
390 2839 506 2897 colonos
527 2841 615 2899 etiam
635 2840 802 2912 maritimos,
816 2841 865 2915 qui
879 2849 1126 2898 sacrosanctamso

120 2913 300 2969 vacationem
315 2915 484 2974 dicebantur
508 2918 623 2990 habere,
644 2919 713 2975 dare
728 2919 834 2976 milites
848 2918 1008 2994 cogebant:
1029 2918 1092 2992 qui·

120 2989 176 3056 bus
189 2991 399 3060 recusantibus,
423 2995 538 3053 edixere
561 2997 592 3054 in
616 2996 694 3053 diem
712 3007 831 3064 certum,
845 3007 887 3074 ut,
902 3015 959 3070 quo
972 2996 1092 3071 quisque

117 3067 183 3143 jure
196 3068 375 3126 vacationem
399 3071 527 3145 heberet,
551 3075 588 3132 ad
610 3085 741 3132 senatum
766 3074 897 3132 deferret.
927 3074 986 3130 -Εΐι
999 3073 1047 3130 die
1062 3073 1092 3130 hi

86 3157 89 3163 ·
118 3143 217 3220 populi
241 3145 277 3201 ad
301 3157 433 3204 senatum
453 3164 611 3209 venerunt:
632 3152 797 3226 Ostiensis,
809 3151 961 3222 Alsiensis,
976 3151 1093 3224 Antias,

120 3222 267 3298 Anxurus,
281 3223 501 3300 Minturnensis,¹
516 3227 719 3301 Sinuessanus,
731 3242 760 3287 et
774 3231 810 3286 ab
824 3231 935 3305 Supero
949 3227 1026 3286 Mari
1041 3231 1138 3290 Se-as.

118 3300 240 3358 nensis.¹
266 3301 370 3363 Quum
389 3304 553 3364 vacationes
567 3304 634 3365 suas
654 3309 773 3383 quisque
793 3309 915 3384 populus
938 3307 1092 3392 recitaret3

73 3386 76 3392 '
118 3379 235 3450 nullius,
249 3397 336 3454 quum
351 3381 381 3454 in
395 3382 481 3442 Italia
494 3385 583 3443 hostis
597 3396 682 3453 esset,
696 3397 798 3460 praeter
812 3385 1094 3444 Antiatem-Ostien-

119 3476 247 3532 semque,
261 3459 373 3522 vacatio
395 3462 545 3519 observata
567 3474 631 3522 cst:
652 3473 795 3520 eteorum
809 3463 987 3521 coloniarum
998 3464 1094 3540 junio·
1190 3474 1197 3484 “

119 3555 166 3594 res
176 3537 363 3612 jurejurando
377 3539 481 3616 adacti,
496 3543 583 3613 supra'
594 3541 656 3597 dies
669 3541 788 3617 triginta
803 3560 862 3599 non
875 3551 1094 3616 pernoctaturos

119 3631 151 3670 se
164 3633 227 3670 esse
241 3625 321 3672 extra
334 3617 442 3672 moenia
464 3615 585 3676 colonie
606 3634 676 3691 suae,
695 3621 790 3677 donec
803 3619 899 3678 hostis·
908 3621 938 3676 in
953 3618 1038 3677 Italid
1050 3637 1129 3682 esso

119 3701 172 3746 set.
212 3690 313 3751 Quum
328 3709 428 3748 omnes
452 3705 614 3762 censerent,
638 3697 730 3770 primo
752 3716 866 3772 quoque
885 3707 1012 3772 tempore
1025 3715 1095 3754 con-

119 3765 230 3822 sulibus
253 3769 382 3828 eundum
405 3769 442 3826 ad
466 3769 573 3828 bellum
598 3770 679 3848 (nam
697 3784 728 3832 et
740 3775 917 3834 Hasdrubali
940 3771 1096 3834 occurren-
1153 3843 1158 3850 Ι
