2556 4314
461 365 568 417 LIBER
584 368 630 418 IX.
648 381 711 418 css.
729 382 792 416 vrrr.
1056 367 1115 428 153

141 511 245 571 Romae
270 503 358 570 etiam
381 529 434 568 sua
457 510 574 568 infamis
594 510 693 568 clades
714 520 783 568 erat.
824 509 966 568 Obsessos
989 509 1113 586 primbm

144 590 321 650 audierunt:
343 589 448 647 tristior
472 589 791 665 deinde'ignominiosae
805 590 885 665 pacis
908 589 1009 665 magis,
1026 589 1113 665 qudm
1150 619 1153 622 ·

140 669 275 749 periculi,
290 669 409 726 nuntius
423 668 484 726 suit.
526 669 574 726 Ad
595 669 702 726 famam
715 665 871 728 obsidionis
884 669 1017 726 delectus
1027 669 1113 728 habe·

138 748 163 806 ri
177 760 293 823 ooeptus
306 760 383 812 erat:
404 747 539 804 dimissus
553 747 660 804 deinde
680 746 1025 822 auxiliorumapparatus,
1039 758 1115 823 post·

117 841 230 901 squam
255 827 430 884 deditionem
452 837 520 884 tam*
532 825 607 882 foede
622 826 727 884 factam
744 835 939 901 acceperunt:
960 826 1115 902 extemplo

138 924 197 979 que
211 905 275 963 sine
298 906 357 964 ulla
377 905 495 981 publicis
509 905 678 962 auctoritate
697 923 871 962 consensum
885 904 916 961 in
929 923 1045 962 ornnem
1059 905 1115 980 sor·

137 985 334 1060 tnam.luctds
358 997 409 1040 est.
451 984 594 1040 Tabernae
616 983 695 1039 circa
715 982 808 1040 forum
822 983 939 1054 olausae,
957 982 1113 1058 justitium'·
1125 1005 1148 1034 a»
1214 1041 1220 1056 ‚

136 1081 191 1136 que
206 1063 237 1118 in
261 1063 321 1120 foro
342 1062 394 1118 sud
408 1071 509 1136 sponte
531 1072 658 1136 coeptum
678 1060 765 1136 priris,
778 1059 865 1136 qudm
880 1058 1024 1118 indictuni
1032 1051 1114 1126 {lati
1181 1107 1186 1116 .

137 1140 220 1207 clavi,
236 1140 336 1197 annuli
361 1141 440 1197 aurei
455 1139 558 1214 positi,
579 1158 662 1214 paene
684 1139 810 1196 moestior
824 1139 954 1197 exercitu
967 1139 1030 1214 ipso
1043 1139 1113 1198 civi·

106 1236 129 1276 tc
137 1229 180 1276 tas
200 1237 281 1276 esse:
296 1236 359 1275 ‘nec
383 1219 507 1276 ducibus
521 1217 612 1276 soltim
636 1227 721 1293 atque
735 1219 901 1276 stratoribus
914 1218 1112 1294 sponsoribus·

135 1315 189 1371 que
202 1297 285 1373 pacis
298 1297 393 1368 irasci,
405 1298 458 1362 sed
472 1297 607 1355 innoxios
619 1298 707 1354 etiam
721 1297 826 1354 milites
839 1296 946 1364 odisse,
960 1306 989 1353 et
1002 1316 1110 1373 negare

136 1375 212 1433 Urbe
227 1376 349 1434 tectisve
363 1377 557 1450 accipiendos.
597 1376 697 1436 Quam
711 1376 935 1434 concitationem
949 1375 1111 1436 animorum

136 1453 220 1530 fregit
233 1456 377 1526 adventus
390 1455 541 1526 exercitiis,
555 1454 729 1511 etiamiratis
749 1453 935 1532 miserabilis:
958 1473 1015 1512 nou
1029 1453 1110 1513 enim
1183 1490 1188 1497 ·

134 1542 283 1608 tamquam
298 1533 328 1590 in
342 1533 463 1608 patriam
477 1542 653 1590 revertentes
666 1551 702 1588 ex
715 1531 857 1606 insperato
870 1531 1039 1601 incolumes,
1058 1533 1109 1591 sed

29 1595 31 1620 ’
103 1631 126 1671 ts
135 1621 288 1686 captorum
302 1611 403 1668 habitu
426 1611 572 1684 vultuque,
588 1610 708 1686 ingressi
729 1608 791 1666 sero
806 1609 968 1681 inUrbem,
982 1611 1022 1667 ita
1034 1629 1065 1668 se
1078 1611 1110 1669 in

134 1690 195 1748 suis
209 1691 332 1765 quisque
351 1689 436 1747 tectis
457 1690 652 1760 abdiderunt·
664 1698 695 1745 ut
708 1698 820 1763 postero
838 1697 923 1761 atque
938 1688 1112 1762 insequenti·

133 1766 188 1826 bus
202 1769 309 1826 diebus
332 1787 419 1826 nemo
442 1787 541 1838 eorum
563 1768 655 1825 sorum
670 1776 719 1824 aut
731 1765 880 1842 publicum
894 1765 1041 1841 adspicere
1053 1766 1112 1829 vel·

133 1845 181 1904 let
223 1847 379 1914 Consules,
394 1847 424 1904 in
445 1847 555 1923 privato
568 1847 668 1913 abditi,
683 1845 754 1903 nihil
767 1865 818 1921 pro
832 1843 1000 1920 magistratu
1014 1863 1109 1921 agere,

133 1925 189 1982 nisi
204 1927 284 1999 quod
299 1945 466 2001 expressum
491 1924 750 1983 senates-consulto
774 1933 827 1990 est,
842 1933 874 1980 ut
887 1923 1055 1981 dictatorern
1069 1923 1112 1982 di·
1169 1921 1172 1926 ‘

101 2025 125 2066 sc
135 2015 235 2061 carent
249 2005 434 2062 comitiorum
448 2005 545 2062 causat.
585 2004 625 2064 Q.
638 2003 761 2060 Fabium
775 2002 952 2060 Ambustum
965 2002 1109 2076 dixerunt,

134 2091 164 2138 et
176 2081 210 2140 P.
226 2083 339 2140 AElium
355 2083 463 2140 Paetum
488 2082 659 2159 magistrum
677 2081 827 2156 equitum:
849 2081 953 2155 quibus
968 2081 1035 2138 vitio
1048 2099 1110 2139 cre-

102 2159 198 2241 patis,
213 2161 331 2252 suffia-cti
356 2161 398 2219 M.
414 2161 550 2220 AEmilius
570 2160 670 2238 'Papus
683 2161 815 2232 dictator,
830 2160 864 2217 L.
879 2159 1012 2218 Valerius
1025 2159 1110 2218 Flac·

101 2243 186 2311 &cus
206 2251 346 2316 magister
369 2241 506 2314 equitum.
548 2241 615 2298 Neo
638 2259 689 2317 per
712 2258 762 2298 eos
785 2239 904 2300 comitia
923 2238 1039 2298 habita:
1067 2248 1108 2310 et,

106 2315 119 2402 ζ
134 2317 199 2390 quia
212 2319 339 2376 taedebat
361 2319 499 2394 populum
512 2319 641 2377 omniurn
661 2317 879 2394 magistratuum
894 2316 956 2394 ejus
969 2319 1048 2389 anni,
1062 2338 1110 2380 res

113 2395 169 2466 ¹ad
193 2396 395 2472 interregnum
418 2398 512 2454 rediit
561 2397 725 2472 Interregea
752 2396 793 2457 Q.
815 2387 925 2454 Fabius
952 2395 1108 2468 Maximus,
1138 2451 1140 2456 .

66 2541 71 2550 Ι
102 2465 175 2540 ΞΜ.
190 2474 328 2532 Valerius
342 2473 461 2531 Corvus.
503 2475 534 2531 Is
548 2474 681 2531 consules
699 2475 807 2534 creavit
818 2474 859 2536 Q.
874 2474 1029 2533 Publilium
1042 2476 1110 2534 Phi·

106 2557 118 2600 ὁ
133 2549 231 2608 lonem
246 2562 276 2608 et
290 2552 323 2609 L.
339 2551 486 2625 Papirium
501 2551 656 2609 Cursorem
669 2552 783 2623 iterum,
797 2551 874 2609 baud
888 2552 978 2610 dubio
989 2571 1110 2621 consen·

101 2629 167 2694 a'su
181 2629 319 2698 civitatis,
334 2629 412 2705 quod
433 2629 505 2687 nulli
518 2629 556 2687 ed
568 2639 737 2706 tempestate
752 2630 843 2688 duces
855 2630 992 2690 clariores
1004 2641 1109 2690 essent.

172 2783 262 2844 VIII.
283 2785 354 2848 Quo
378 2787 469 2844 creati
481 2796 561 2844 *sunt
575 2785 632 2857 die,
647 2805 682 2844 eo
697 2785 754 2863 (sic
767 2785 846 2844 enim
859 2785 1007 2866 placuerat
1019 2750 1110 2849 I'atri-

101 2859 200 2940 ³⁰bus)
216 2864 418 2941 magistratum
440 2865 577 2933 inierunt,
603 2865 827 2940 solennibusque
841 2869 1108 2928 senatus-consultis
1206 2881 1215 2886 “

133 2941 279 3015 perfectis,
294 2944 330 3000 de
344 2961 417 3019 paee
440 2943 577 3002 Caudina
600 2944 780 3002 retulerunt:
801 2955 831 3003 et
853 2943 1003 3018 Publilius,
1017 2966 1107 3023 penes
1190 2952 1192 2955 ’

133 3037 218 3093 quem
244 3021 337 3079 fasces
362 3032 453 3090 erant,
477 3022 575 3098 “Dic‚
590 3024 640 3099 Sp.
655 3022 816 3092 Postumi,'’
839 3024 941 3099 inquit.
981 3026 1044 3088 Qui
1058 3027 1108 3086 ubi

133 3099 265 3174 surrexit,
292 3102 395 3160 eodem
421 3102 470 3161 illo
496 3103 587 3170 vultu,
616 3122 672 3177 quo
699 3103 753 3160 sub
776 3103 879 3180 jugum
905 3104 1010 3163 missus
1036 3118 1107 3182 erat,

134 3177 251 3238 “Haud
277 3199 341 3238 sum
366 3181 517 3257 ignarus,'’
542 3182 644 3256 inquit,
669 3191 688 3218 “
700 3182 843 3256 consules,
858 3183 1034 3261 ignominiae,
1049 3206 1107 3247 non

101 3265 124 3307 ³5
135 3263 153 3291 ‘⁶
164 3256 280 3318 honoris
286 3260 376 3318 causti
385 3280 431 3318 me
441 3261 565 3336 primum
574 3261 742 3336 excitatum,
750 3262 918 3339 jussumque
929 3264 1037 3334 dicere,
1049 3285 1108 3324 non

134 3337 152 3364 “
163 3345 309 3412 tamquam
324 3348 496 3406 senatorem,
507 3340 557 3397 sed
572 3350 718 3416 tamquam
732 3342 879 3417 reumque
889 3343 1015 3402 infelicis
1029 3345 1107 3416 belli,

135 3416 152 3444 ‘⁴
162 3415 218 3489 qua
234 3416 434 3490 ig'nominiosae
448 3418 537 3493 pacis.
559 3417 623 3494 Ego
636 3431 743 3494 tamen,
758 3422 974 3498 quandoneque
983 3421 1107 3480 denoxa

75 3512 80 3520 ¹
134 3498 152 3527 “
165 3495 264 3551 nostra
275 3513 368 3569 neque
377 3496 413 3552 de
425 3496 511 3570 poend
521 3498 778 3571 retulistis,0missa
786 3500 964 3570 defensione,
976 3518 1039 3575 quae
1048 3513 1106 3554 non

133 3571 151 3600 “
162 3570 332 3630 difficillima
341 3584 417 3632 esset
430 3576 506 3650 apud
517 3576 593 3633 haud
602 3577 717 3654 ignaros
728 3580 904 3638 fortunarum
916 3582 1107 3636 humanarum

101 3662 123 3703 tu
133 3655 151 3684 “
162 3652 437 3729 necessitatumque,
461 3656 633 3715 sententiam
647 3659 683 3716 de
697 3678 743 3727 eo,
758 3660 794 3716 de
807 3678 865 3734 quo
877 3652 1024 3717 retulistis,
1039 3667 1108 3725 Pau·

61 3791 68 3797 .
133 3729 151 3759 “
163 3729 206 3790 cis
218 3743 376 3809 peragam:
397 3753 460 3810 quae
473 3737 617 3794 sententia
630 3738 711 3795 testis
724 3737 789 3803 erit,
803 3735 923 3803 mihine,
938 3748 974 3786 an
988 3727 1109 3803 legioni·

135 3812 152 3843 ‘⁶
163 3807 216 3871 bus
240 3813 342 3881 vestris
355 3815 544 3894 pepercerim,
559 3835 649 3893 quum
661 3835 709 3892 me
722 3833 775 3871 seu
788 3813 864 3887 turpi
877 3826 929 3867 seu
942 3808 1107 3869 necessaris
