2520 4310
113 333 174 394 242
514 331 585 382 urm
602 332 688 381 nrvu

111 487 188 534 sunt.
230 473 266 533 In
281 475 402 534 consilio
425 494 598 552 quamquam
617 475 694 552 justa
715 474 757 532 ira
770 492 873 531 omnes
887 475 924 531 ad
939 475 1095 540 delendam
1128 505 1134 512 ·

111 555 277 614 stimulabat
290 555 497 633 Carthaginem
508 577 515 626 ;
537 565 645 628 tamen,
665 571 765 630 quum,
779 563 809 611 et
822 564 932 628 quanta
947 574 995 614 res
1007 569 1094 628 esset,

110 646 141 694 ct
154 634 242 710 quim
255 635 334 712 longi
358 636 494 711 temporis
516 635 630 693 obsidio
652 645 711 691 tam
726 634 846 694 muuitae
859 645 889 690 et
910 645 970 692 tarn
992 637 1096 696 validae
1186 671 1196 693 0

110 713 201 787 urbis,
214 725 390 791 reputarent,
405 726 435 772 et
457 715 550 791 ipsum
566 714 733 790 Scipionem
752 714 931 788 exspectatio
944 734 1095 776 successo·

110 793 161 862 ris,
176 796 289 852 venturi
301 794 338 850 ad
352 805 480 870 paratam
495 794 613 851 alterius
625 794 722 850 labore
737 812 772 849 ac
785 793 917 868 periculo
930 794 1005 853 liniti
1025 797 1095 869 belli
1117 816 1133 856 5

110 871 228 946 luuram,
242 873 417 945 sollicitaret,
432 875 468 931 ad
482 892 585 949 pacem
598 873 729 931 omnium
743 872 836 934 animi
846 874 921 931 versi
935 869 1085 994 sums(

46 964 97 1108 §A
150 1031 314 1090 XXXVII.
337 1032 455 1090 Postero
478 1031 535 1102 die,
560 1032 701 1088 revocatis
721 1026 833 1106 legatis,
855 1041 886 1088 et
908 1050 977 1088 cum
1001 1033 1094 1092 multrl

110 1112 300 1190 castigqtjone
313 1112 440 1186 perfidiae
455 1111 581 1178 monitis,
598 1121 639 1182 ut,
652 1119 695 1167 tot
708 1110 840 1167 cladibus
849 1111 954 1178 edocti,
970 1113 1091 1170 tandem

108 1189 188 1249 Deos
201 1203 231 1248 et
248 1191 450 1266 jusjurandum
464 1209 529 1250 esse
543 1189 717 1258 crederent;
739 1189 919 1246 conditiones
933 1191 1014 1264 pacis
1026 1193 1092 1250 dic-

109 1283 164 1328 tae:
187 1270 255 1327 “Ut
268 1270 351 1327 liberi
373 1270 486 1347 legibus
509 1270 580 1327 suis,
593 1269 740 1325 viverent:
761 1287 832 1343 quas
851 1269 948 1341 urbes,
961 1289 1093 1346 quosque
1104 1284 1131 1324 ro

110 1359 130 1386 “
142 1369 236 1426 agros,
250 1349 411 1425 quibusque
424 1348 531 1406 finibus
545 1357 611 1404 ante
632 1347 740 1404 bellum
754 1347 927 1420 tenuissent,
947 1347 1092 1420 tenerent,

110 1428 353 1504 “populandique
377 1428 465 1486 finem
487 1447 522 1485 eo
535 1428 583 1484 die
597 1427 751 1486 Romanus
781 1426 898 1484 laceret.
941 1427 1092 1505 Perfugas,

78 1569 84 1578 ,
109 1517 129 1544 ‘⁸
141 1507 342 1584 fugitivosque,
366 1517 396 1565 et
416 1507 545 1583 captivos
567 1525 679 1574 omues,
704 1507 861 1564 redderent
885 1506 1039 1576 Romanis,
1061 1518 1093 1566 et

109 1596 229 1644 “naves
253 1597 398 1655 rostratas,
425 1597 527 1662 praeter
549 1585 652 1642 decern
680 1585 823 1652 triremes,
848 1587 1007 1660 traderent,
1033 1587 1095 1645 ele·

109 1672 127 1698 ‘⁴
138 1665 328 1742 phanlosque,
342 1685 413 1742 quos
427 1666 567 1724 haberent
580 1665 704 1723 domitos
715 1685 722 1735 ;
736 1684 832 1740 neque
846 1665 998 1724 domarent
1011 1661 1092 1726 alios.
1104 1679 1131 1718 1⁵

107 1745 251 1804 “Bellum
267 1765 339 1804 neve
351 1747 381 1804 in
404 1745 514 1813 Africa,
530 1763 602 1802 neve
617 1755 698 1802 extra
711 1745 855 1818 Africam,
876 1745 988 1820 injussu
1001 1765 1092 1822 popu·

110 1825 162 1884 “li
176 1825 304 1884 Romani
327 1835 471 1901 gererent
512 1823 675 1882 Masiniss'ae
689 1843 735 1881 res
756 1825 919 1902 redderent,
939 1824 1092 1900 foedusque

110 1914 130 1942 “
142 1925 211 1963 cum
238 1925 273 1963 eo
297 1904 434 1963 facerent.
486 1903 677 1961 Frumentum
705 1903 938 1979 stipendiumque
965 1905 1091 1977 auxiliis,

111 1993 130 2020 ‘⁶
139 1984 234 2042 donec
248 1985 284 2040 ab
298 1983 394 2042 Roma
408 1983 496 2060 legati
510 1985 661 2051 redissent,
681 1993 859 2059 praestarent.
901 1984 1015 2041 Decem
1028 1984 1093 2043 mil-

110 2065 130 2094 “
141 2062 180 2119 lia
199 2063 340 2124 ‚taleutdm
366 2063 488 2140 argenti,
509 2063 657 2138 descripta
680 2062 868 2138 pensionibus
892 2063 983 2138 aequis
997 2063 1027 2120 in
1041 2073 1130 2121 atu-2⁰

112 2151 196 2200 “nos
219 2141 438 2218 quinquaginta,
463 2142 615 2200 solverent.
658 2143 783 2200 Obsides
807 2151 926 2198 centum
951 2143 1093 2200 arbitratu

67 2265 68 2268 η
111 2221 287 2298 “Scipionis
305 2222 425 2292 darent;
457 2241 495 2280 ne
518 2222 646 2279 minores
666 2220 881 2296 quatuordecim
906 2221 1003 2294 aunis,
1030 2239 1093 2279 neu

111 2305 131 2333 “
142 2301 260 2376 triginta
274 2301 405 2377 majores.
447 2301 586 2358 Inducias
607 2301 647 2358 ita
661 2321 693 2358 se
713 2301 857 2370 daturum,
871 2299 896 2356 si
917 2319 969 2375 per
982 2299 1095 2376 priores

110 2380 276 2438 “inducias
297 2400 385 2438 naves
408 2382 548 2439 onerariae
572 2391 677 2456 captae,
691 2399 812 2456 quaeque
830 2379 999 2437 fuissentin
1014 2379 1095 2438 navi-

113 2457 209 2535 “'bus,
232 2461 459 2519 restituerentur.
501 2460 595 2519 Aliter
609 2479 666 2518 nec
681 2460 825 2532 inducias,
846 2477 903 2516 nec
918 2478 999 2534 spem
1013 2460 1129 2535 pacis&

114 2542 234 2600 “ullam
258 2542 351 2599 esse.”
394 2541 457 2598 Has
480 2541 662 2598 conditiones
685 2539 773 2615 legati
797 2558 886 2615 quum
899 2539 1030 2600 ,domum
1050 2547 1108 2597 re··
1125 2544 1139 2592 »ἶ

113 2620 188 2680 serre
199 2621 271 2697 jussi
295 2622 325 2679 in
351 2621 492 2683 concione
507 2621 635 2692 ederent,
661 2628 690 2675 et
703 2619 795 2694 Gisgo
810 2618 846 2674 ad
867 2618 1094 2676 dissuadendam

111 2721 214 2780 pacem
228 2701 425 2778 processisset,
440 2701 641 2774 audireturque
663 2718 680 2754 a
694 2698 891 2765 multitudine,
906 2697 1032 2771 inquieti
1045 2699 1094 2754 ed-

113 2781 180 2837 dem
202 2790 231 2836 et
252 2780 360 2836 imbelli
372 2800 379 2849 ;
402 2780 569 2856 indignatus
593 2778 753 2846 Hannibal,
778 2777 837 2834 dici
860 2795 894 2834 ea
912 2777 941 2833 in
955 2775 1005 2832 tali
1019 2785 1093 2832 tem-

112 2877 181 2938 pore
196 2858 355 2932 audirique,
380 2872 524 2935 arreptum
544 2859 808 2936 Gisgonemflmanu
829 2859 880 2914 sui
894 2875 930 2912 ex
945 2855 1131 2932 superiorem

113 2939 178 2997 loco
201 2937 332 2995 detraxit.
372 2939 449 3000 Quae
474 2940 587 2997 insueta
609 2939 707 2996 liberae
736 2936 846 2994 civitati
868 2936 980 3012 specics
1003 2949 1094 3010 quum

113 3017 259 3076 fremitum
272 3017 368 3093 populi
393 3019 537 3086 movisset,
561 3017 744 3093 perturbatus
765 3016 897 3072 militaris
922 3015 964 3071 vir
984 3015 1095 3072 urbault

112 3097 254 3178 libertate,
277 3097 451 3169 “Novem'’
473 3097 575 3172 inquit,
600 3107 771 3154 “annorum
797 3095 915 3152 avobis
936 3087 1094 3169 profectus,

115 3187 133 3216 ⁸‘
145 3188 209 3256 post
222 3187 334 3236 sextum
356 3189 386 3235 et
409 3177 587 3234 tricesimum
602 3195 711 3236 aunum
725 3175 819 3232 redii·
849 3173 993 3230 Militares
1007 3183 1094 3246 artes,

112 3264 214 3336 “quas
241 3278 287 3317 me
315 3277 332 3315 a
358 3276 447 3332 puero
475 3255 589 3312 fortuna
615 3275 695 3314 nunc
721 3255 840 3330 privata,
867 3271 949 3309 nunc
975 3250 1131 3328 publica³⁵

112 3345 132 3374 “
144 3339 251 3408 docuit,
277 3337 364 3414 probe
389 3336 486 3393 videor
511 3335 604 3392 scire:
626 3335 706 3392 urbis
727 3353 761 3391 ac
777 3333 829 3392 fori
840 3333 915 3408 jura,
930 3332 1021 3408 leges,
1036 3349 1095 3389 mo·

113 3431 132 3458 ‘⁴
144 3439 200 3489 res,
216 3439 265 3477 vos
279 3437 326 3474 me
347 3425 457 3491 oportet
477 3415 634 3472 doceatis.'’
677 3413 823 3471 Excusat&
837 3411 1041 3488 imprudentid,
1056 3410 1095 3468 de

110 3521 183 3579 pace
198 3499 295 3558 multis
317 3495 411 3556 verbis
424 3494 569 3567 disseruit,
589 3492 677 3569 qudm
691 3513 747 3551 nec
762 3493 871 3568 iniqua,
886 3502 915 3548 ct
929 3489 1097 3548 necessaria

111 3591 196 3640 esset.
238 3580 273 3637 Id
297 3575 427 3634 omnium
451 3573 575 3631 maxime
599 3571 717 3631 difficile
739 3581 810 3640 erat,
829 3569 908 3647 qudd
922 3569 1096 3628 eructibus

110 3649 165 3735 per¹
183 3658 317 3717 inducias
341 3647 435 3730 captis
452 3652 536 3720 nihil,
562 3663 665 3728 praeter
687 3653 764 3730 ipsas
786 3651 971 3726 comparebat
984 3653 1134 3719 nares34⁰

58 3786 63 3807 ,
111 3755 206 3812 neque
221 3735 367 3810 inquisitio
390 3743 451 3790 erat
473 3731 576 3799 facilis,
598 3731 818 3789 adversantibus
831 3723 908 3806 paci,
928 3729 977 3806 qui
991 3725 1096 3804 argue'-

62 3817 73 3886 λι
111 3824 218 3871 rentur.
260 3811 374 3870 Placuit
392 3829 481 3869 naves
500 3810 594 3878 reddi,
620 3821 650 3867 et
673 3810 807 3868 homines
836 3810 936 3884 utique
969 3805 1095 3884 inquirit
