2556 4314
476 391 479 398 .
508 343 614 411 Lrnsrt
628 344 677 394 IX.
693 351 754 394 ear.
771 359 855 394 xrrrr.
1111 345 1169 408 159

192 486 228 544 0.
240 485 390 549 ,Marcium
414 486 558 559 Rutilum,
583 487 618 546 C.
632 487 805 565 Sulpicium,
829 487 869 546 T.
883 486 1025 546 Manlium
1038 487 1169 566 Torqua.

192 575 266 634 turn,
280 566 321 632 Q.
336 566 493 626 Publilium
504 567 666 637 Philonem,
676 567 711 626 L.
725 567 871 644 Papirium
882 567 1045 636 Cursorem,
1056 566 1097 631 Q.
1112 565 1168 626 rs·
1215 563 1223 577 '

192 645 275 704 bium
290 645 462 720 Maximum,
474 647 554 721 duos
562 646 679 717 Decios,
702 647 736 706 1..
751 646 950 718 Volumnium,
966 646 1096 706 Manium
1110 646 1169 708 Cu·
1251 715 1252 718 Ἴ

192 725 280 784 rium.
321 725 470 803 Deinceps
493 727 627 804 ingentes
648 738 806 803 sequuntur
831 727 893 800 viri,
907 726 932 785 si
953 726 1098 785 Punicum
1110 725 1171 786 Ito·

171 808 282 863 ⁵man0
304 807 494 882 praevertisset
517 805 634 875 bellum,
657 808 810 884 seniorque
823 806 854 864 in
874 806 989 864 ltaliam
1001 805 1170 882 trajecisset.

195 883 308 942 Horum
332 886 363 942 in
387 886 514 962 quolibet
535 897 596 944 tum
619 887 732 944 indoles
755 887 868 960 eadem,
882 906 945 962 quae
959 885 989 944 in
1003 885 1172 944 Alexandro
1205 907 1208 915 *

194 973 267 1032 erat,
292 964 381 1022 animi
403 965 590 1042 ingeniique3
611 975 672 1024 turn
696 966 850 1043 disciplina
870 965 1012 1039 militaris,
1030 965 1090 1043 jam
1104 963 1173 1024 inde

192 1043 231 1098 ab
245 1043 336 1100 Initiis
351 1044 438 1102 Urbis
452 1045 555 1102 tradita
569 1063 620 1120 per
634 1063 746 1119 manus,
761 1041 792 1102 in
806 1045 875 1103 artis
888 1045 1035 1122 perpetuis
1047 1060 1174 1122 praeccp·

116 1133 121 1142 ·
191 1120 229 1178 tis
241 1123 380 1180 ordinatae
394 1124 512 1202 modum
527 1134 653 1182 venerat.
695 1124 741 1194 Ita
755 1143 839 1202 reges
851 1135 1002 1202 gesserant
1016 1123 1108 1194 bella;
1129 1122 1171 1182 ita

158 1205 182 1246 1⁰
190 1200 297 1258 deinde
313 1212 471 1280 ¹eqrqpm-tores
484 1221 586 1279 regum
602 1197 684 1261 Iunii
693 1199 886 1280 Valeriique3
908 1203 949 1262 ita
962 1203 1102 1280 deinceps
1115 1201 1172 1260 Fa·
1234 1203 1237 1209 ’

189 1279 240 1348 bii,
255 1280 383 1354 Quintil,
405 1282 556 1352 Cornelii3
578 1283 618 1341 ita
638 1283 746 1341 Furius
770 1283 921 1352 Camillus,
946 1303 1032 1360 quern
1046 1283 1170 1374 juvenes

188 1358 220 1432 ii,
234 1359 408 1434 quibuscum
433 1361 813 1432 Alexandrodimicandum
829 1373 900 1437 erat,
915 1382 1014 1422 senem
1028 1363 1170 1422 videraut.

189 1437 332 1496 Militaria
344 1458 432 1514 opera
455 1442 612 1516 pugnando
632 1442 752 1511 obeunti
774 1443 942 1501 Alexandro
958 1441 1041 1520 (narn
1054 1461 1090 1500 ea
1102 1459 1172 1518 quc·

189 1535 246 1592 que
263 1518 342 1580 haud
363 1517 458 1576 mimis
472 1519 582 1577 clarum
607 1539 674 1577 eum
698 1521 822 1601 faciunt)
844 1523 980 1581 cessisset
991 1521 1127 1581 videlicet
1140 1520 1172 1580 in

25 1563 34 1640 l
156 1597 258 1677 ltacie
272 1597 385 1666 oblatus
405 1617 456 1674 par
480 1597 610 1668 Manlius
634 1599 809 1674 Torquatus,
834 1611 884 1658 aut
901 1601 1036 1659 Valerius
1049 1601 1172 1674 Corvus,

190 1674 325 1753 insignes
338 1677 405 1735 ante
419 1677 535 1745 milites,
549 1678 636 1752 qnam
649 1678 761 1737 ducesl
782 1679 938 1737 cessissent
951 1680 1045 1750 Decii,
1060 1677 1171 1750 devotis
1251 1723 1252 1730 .

189 1757 362 1831 corporibus
383 1757 414 1818 in
436 1758 549 1814 hostem
573 1761 713 1832 ruentesl
741 1758 878 1816 cessisset
899 1757 1032 1832 Papirius
1055 1756 1173 1832 Cursor,

188 1833 239 1891 illo
256 1836 383 1910 corporis
396 1836 507 1908 robore,
523 1836 572 1899 illo
586 1837 675 1895 animi
688 1839 699 1892 l
721 1837 815 1894 victus
828 1845 905 1894 esset
920 1835 1048 1893 consiliis
1058 1835 1174 1912 juvenis

188 1912 289 1985 unius,
299 1932 336 1971 ne
350 1914 479 1990 singulos
490 1915 651 1988 nominem,
663 1926 781 1972 senatus
791 1914 849 1982 ille,
868 1933 954 1988 quern
968 1914 1017 1990 qui
1041 1933 1077 1972 ex
1098 1914 1173 1992 regi·

153 1992 249 2050 cobus
273 2004 406 2051 constare
430 1993 513 2068 dixit,
529 2001 611 2050 nnus'
629 2013 727 2050 veram
749 1993 878 2068 speciem
906 1992 1034 2052 Romani
1058 1995 1174 2054 senattrs

190 2071 293 2148 cepitl
335 2072 370 2130 Id
385 2071 451 2130 verb
474 2085 536 2130 erat
548 2072 720 2147 periculum,
735 2091 773 2130 ne
786 2071 939 2146 sollertius,
953 2071 1038 2146 quim
1052 2071 1173 2149 quilibet
1236 2083 1239 2089 '

147 2197 148 2202 1
189 2169 270 2209 unus
284 2169 320 2208 ex
333 2152 377 2223 iis,
401 2171 472 2226 quos
489 2151 645 2224 nominavi,
660 2151 761 2210 castris
775 2151 873 2209 locum
887 2161 1013 2228 caperet,
1027 2170 1172 2212 commea-

189 2240 237 2288 tus
253 2231 410 2306 expediret,
426 2232 462 2288 ab
476 2230 590 2288 insidiis
609 2240 794 2307 precaveret,
815 2241 929 2307 tempus
943 2249 1047 2308 pngnae
1062 2232 1171 2310 delige·

189 2321 245 2380 ret,
261 2311 353 2368 aciem
378 2311 541 2384 instrueret,
564 2311 700 2368 'subsidiis
721 2310 848 2368 firmaret
856 2311 895 2388 l„-
904 2311 980 2395 §on
993 2329 1061 2402 epm
1081 2309 1172 2372 Dario

140 2387 261 2452 'esrem
278 2407 341 2446 esse
363 2389 500 2446 dixisset:
522 2407 619 2462 quem,
641 2389 796 2447 mulierum
820 2407 855 2447 ac
880 2372 1040 2466 spadqddm
1065 2408 1171 2466 agmen

192 2467 367 2539 trahentem,
382 2467 456 2523 inter
480 2477 636 2542 purpuram
659 2478 744 2542 atque
759 2485 870 2535 aurum,
885 2479 1035 2528 oneratum
1049 2468 1171 2528 fortnnae

193 2545 380 2622 apparatibus
400 2564 459 2602 suae
475 2544 615 2620 (praedam
635 2544 740 2612 veritis,
755 2545 841 2619 quarn
855 2547 992 2624 hostem),
1006 2546 1078 2603 nihil
1093 2547 1171 2606 aliud

192 2625 282 2700 quarn
310 2625 384 2681 bene
413 2643 500 2680 ausus
526 2642 608 2680 rana·
627 2634 824 2691 contemnere,
851 2623 1021 2682 incruentus
1054 2625 1170 2686 devicit.

192 2703 296 2780 Longe
310 2704 383 2761 alius
407 2703 509 2775 Italiae,
531 2701 617 2778 quarn
632 2703 733 2774 Indiae,
748 2720 898 2778 perquam
910 2702 1069 2782 tenrfflnto
1083 2704 1172 2780 agmi-

155 2805 182 2848 so
192 2803 231 2842 ne
246 2783 517 2856 commissabundus
541 2782 671 2856 incessit,
698 2782 776 2839 visus
799 2782 840 2840 illi
855 2782 969 2840 habitus
982 2792 1067 2851 esset,
1081 2783 1171 2844 saltus

191 2863 308 2938 Apuliae
322 2883 358 2920 ac
371 2873 484 2922 montes
498 2855 634 2920 Lucanos
648 2861 789 2935 cernenti,
803 2862 965 2939 etvestigia
978 2863 1107 2921 recentia
1120 2864 1170 2923 do·

192 2943 322 2999 metticae
343 2943 445 3009 cladis,
460 2943 510 3000 ubi
525 2942 685 3000 avunculus
705 2941 768 3020 ejus
781 2961 872 3019 nuper
886 2942 967 3021 Epiri
980 2961 1031 3005 rex
1044 2943 1171 3009 Alexan·

192 3022 245 3078 der
259 3021 425 3098 absumptus
439 3032 508 3080 erat.
533 3023 579 3145 q<

101 3142 167 3263 bs,
232 3178 351 3238 XVIII.
374 3180 412 3238 Et
424 3181 568 3258 loquimur
582 3181 624 3239 de·
633 3180 801 3241 Alexandro
814 3182 944 3241 nondum
958 3201 1053 3243 merso
1066 3203 1170 3244 secun·
1248 3247 1252 3252 ,

91 3277 108 3291 ”
156 3277 182 3318 ³5
192 3259 237 3326 dis
250 3261 347 3332 rebuS,
360 3279 481 3335 quarum
495 3280 582 3318 uerno
592 3261 792 3338 intolerantior
813 3262 884 3320 fuit:
906 3261 965 3339 qui,
980 3265 1004 3322 si
1018 3284 1055 3322 ex
1068 3264 1169 3322 habitu

192 3357 274 3395 novae
289 3339 421 3411 sortun'ae,
434 3340 556 3414 novique
582 3338 628 3417 (ut
639 3339 682 3401 ila
693 3336 804 3420 dicam)
819 3341 938 3418 ingenii,
952 3344 1028 3418 quod
1042 3343 1097 3401 sibi
1112 3343 1169 3399 vic·

169 3449 172 3456 ι
192 3426 237 3473 tor
251 3417 395 3484 induerat,
418 3429 573 3493 spectetur,
598 3419 687 3480 Dario
700 3421 793 3498 magis
813 3421 924 3495 similis,
938 3421 1025 3498 quarn
1039 3421 1169 3478 Alexan-

194 3494 256 3562 dro,
271 3495 301 3552 in
323 3495 437 3554 Italiam
461 3497 595 3566 venisset,
609 3509 639 3556 et
662 3503 820 3558 exercitum
842 3501 1024 3570 Macedonia
1047 3497 1168 3557 oblitum

192 3573 477 3650 degenerantemque
488 3575 555 3652 jam,
573 3577 603 3634 iu
617 3577 770 3638 Persarum
783 3599 878 3638 mores
891 3579 1066 3636 adduxisset.
1107 3575 1169 3634 Re-

156 3673 182 3717 so
193 3651 269 3712 ferre
283 3654 314 3712 in
329 3664 409 3712 tanto
422 3674 491 3732 rege
504 3655 584 3733 piget
597 3659 750 3735 superbam
764 3659 952 3717 mutationem
966 3650 1062 3723 vestis,
1076 3662 1106 3710 et
1119 3654 1169 3710 ds

192 3733 334 3791 sideratas
348 3733 428 3793 humi
446 3735 607 3812 jacentium
632 3738 821 3804 adulationes,
835 3737 923 3793 etiarn
938 3730 1019 3786 victis
1033 3730 1171 3792 Macedo·

154 3823 159 3832 “
192 3813 280 3878 nibus
292 3817 406 3892 graves,
430 3815 539 3904 nedum
559 3813 736 3886 victoribus3
757 3817 787 3874 et
800 3814 877 3872 soeda
890 3808 1038 3887 supplicia,
1053 3811 1170 3900 etliuter
