2556 4314
4 273 6 290 '
103 312 148 374 73·
260 349 315 374 ¹.
503 309 574 359 rrrr
589 310 676 360 nrvu

4 449 5 494 l
102 453 178 512 inter
192 471 222 510 se
233 451 375 528 jungebat
389 451 509 526 animos.
550 452 585 510 Id
600 453 756 511 moddnon
770 449 980 520 conveniebat;
996 451 1115 528 quod?
1204 475 1210 486 ·

4 545 6 556 ’
102 543 220 590 senatus
243 531 434 606 consulesque
458 550 600 606 nusquam
624 531 692 589 alibi
716 549 806 607 spem,
828 529 914 604 quim
928 529 959 586 in
980 531 1107 600 armis,.‘¹
1238 605 1239 608 Ἴ

92 613 266 688 ponebant:
287 611 386 686 plebes
398 611 505 680 omnia,
520 609 606 686 quam
619 611 737 678 bellum,
758 609 891 667 malebat.
908 616 913 625 '
933 609 983 684 Sp.
997 603 1114 694 Nau-Z
1169 621 1172 626 '

101 691 159 748 tius
169 692 230 767 jam
253 700 283 747 et
307 691 374 748 Sex.
396 689 502 748 Furius
523 690 656 748 consules
670 699 759 749 erant.
801 688 870 757 Eos,
891 698 1078 746 recensentes
1093 746 1106 772 >

4 797 7 808 ν
100 769 241 847 legiones,
255 770 388 846 praesidia
402 789 452 846 per
466 788 563 827 muros
582 763 705 844 aliaque,
719 769 750 826 in
770 769 875 844 quibus
888 767 1029 825 stationes
1038 767 1107 844 vigs

4 861 6 874 ·
100 850 241 927 giliasque
255 869 318 906 esse
332 850 489 925 placuerat,
503 850 569 906 loca
581 849 796 921 distribuentesr,
806 847 960 905 multitudo
973 847 1077 923 ingens
1089 851 1112 928 ξ

4 937 5 954 ²
101 947 204 1005 pacem
225 929 406 1005 poscentium
431 921 712 1004 primdmseditioso
748 927 874 984 clamore
901 926 1112 984 conterruit:fd

101 1008 208 1065 deinde
232 1027 334 1070 vocare
359 1018 501 1077 senatum,
526 1007 632 1065 referre
656 1007 692 1063 de
706 1006 809 1082 legatis
822 1007 859 1063 ad
873 1005 907 1062 Ο.
931 1005 1077 1062 Marcium
1165 1071 1168 1076 ¹

85 1155 86 1158 Ἴ
101 1087 249 1144 mittendis
263 1086 367 1162 coegit.
392 1086 598 1162 ¹A'cceperunt
613 1085 782 1143 relationem
796 1085 906 1153 Patres,
926 1093 1075 1160 postquam

102 1166 242 1241 apparuit,
264 1166 361 1223 labare
385 1162 478 1244 plebis
502 1165 631 1234 animos3
652 1164 787 1240 missique
812 1163 1112 1240 depaceadMar·1o

4 1285 5 1290 κ
100 1244 178 1301 cium
192 1255 318 1302 oratores
332 1243 412 1303 atrox
422 1249 592 1321 responsum
605 1244 783 1304 retulerunt:
805 1247 824 1275 ‘⁶
834 1244 867 1302 si
879 1242 995 1301 Volscis
1008 1247 1076 1318 ager
1141 1287 1146 1300 ,

100 1331 120 1358 “
133 1324 310 1395 redderetur,
331 1341 415 1399 posse
437 1325 484 1400 agi
507 1325 551 1382 de.
565 1343 657 1400 pace:
679 1323 703 1380 si
728 1323 823 1399 praede
842 1323 909 1380 belli
921 1339 973 1398 per
984 1321 1076 1379 otium

101 1401 187 1458 “frui
201 1403 299 1471 velint,
321 1421 478 1460 memorem
503 1423 534 1460 se
558 1413 587 1460 et
611 1403 717 1476 civium
738 1401 861 1478 injuriae,
883 1410 913 1458 et
932 1401 1077 1476 hospitum

101 1479 277 1554 “beneficii,
292 1482 471 1554 adnisurum,
486 1492 518 1540 ut
531 1480 789 1557 appareat,exsilio
800 1481 854 1538 sibi
868 1481 1001 1552 irritatos,
1016 1499 1075 1537 nou

100 1567 120 1596 “
130 1557 244 1626 fractos,
270 1561 382 1617 animos
405 1563 496 1616 esse.''
538 1559 650 1616 Iterum
673 1560 780 1617 deinde
804 1561 892 1618 iidem
916 1559 995 1617 missi
1016 1575 1111 1617 nonrs

31 1639 38 1648 ”
99 1638 279 1713 recipiuntur
302 1639 333 1695 in
358 1649 460 1695 castra.
503 1635 675 1696 Sacerdotes
696 1657 819 1713 quoque,
839 1639 900 1695 suis
914 1637 1077 1714 insignibus

99 1717 215 1784 velatos,
230 1717 286 1772 lsse
301 1717 444 1792 supplices
459 1717 495 1773 ad
509 1726 603 1774 castra
617 1717 753 1790 hostium,
767 1717 903 1779 traditum
916 1728 960 1790 est
972 1736 980 1786 ;
1001 1717 1077 1793 nihi·
1094 1745 1096 1749 ’
1189 1746 1190 1753 κ

97 1794 126 1853 lo
139 1795 232 1872 magis
245 1793 333 1872 quam
345 1795 456 1872 legatos
468 1796 583 1854 flexisse
598 1795 736 1854 animum.
783 1858 786 1871 ἶ
1121 1809 1123 1812 “

138 1954 204 2011 XL.
226 1951 305 2013 Turn
320 1966 457 2015 matronae
471 1957 508 2015 ad
531 1956 693 2032 Veturiam,
706 1969 826 2029 matrem
844 1955 1001 2024 Coriolani,
1015 1955 1075 2013 Vo·
1190 2017 1196 2028 ,

97 2032 293 2108 lumniamque
317 2053 445 2109 uxorem,
461 2036 624 2112 frequentes
646 2041 772 2101 cocunt:
793 2037 823 2094 id
836 2035 984 2112 publicum
1006 2049 1123 2094 con-mv

98 2111 206 2186 silium,
220 2132 257 2169 an
271 2113 419 2172 muliebris
433 2115 516 2174 timor
531 2116 625 2185 fuerit,
640 2137 742 2194 parum
755 2116 881 2174 invenio.
895 2185 898 2188 Ι
922 2114 1073 2173 Ρθτνὶοόῐε

99 2192 187 2261 certe,
202 2202 234 2249 ut
247 2202 280 2256 et¹
290 2192 421 2262 Veturia,
436 2214 541 2272 magno
562 2207 633 2255 natu
650 2196 764 2270 mulier,
778 2206 807 2253 et
820 2194 985 2261 Volumnia,
1001 2194 1074 2251 duos

98 2290 200 2347 parvos
224 2291 261 2329 ex
287 2271 400 2331 Marcio
428 2274 523 2332 ferens
546 2275 628 2345 lilios,
657 2295 757 2333 secum
778 2275 809 2333 in
834 2283 927 2332 castra
947 2273 1073 2330 hostium

98 2350 192 2420 irent;
214 2362 252 2420 et,
275 2371 360 2428 quam
380 2355 467 2411 armis
488 2354 540 2412 viri
562 2353 719 2413 defendere
741 2355 843 2412 urbem
864 2372 923 2412 non
945 2360 1072 2428 possent,

98 2431 234 2488 mulieres
247 2431 383 2506 precibus
404 2431 594 2510 lacrymisque
618 2434 817 2492 defenderent.
858 2432 915 2491 Ubi
930 2433 966 2489 ad
981 2439 1110 2489 castrans
1174 2505 1177 2510 Δ

99 2520 223 2567 ventum·
241 2519 293 2578 est,
318 2513 538 2590 nuntiatumque
553 2515 717 2587 Coriolano,
741 2514 841 2572 adesse
855 2512 959 2588 ingens
973 2510 1074 2568 mulie-

98 2607 163 2646 rum
177 2609 291 2666 agmen,
306 2589 336 2647 in
350 2593 443 2666 primo
458 2594 503 2671 (ut
523 2594 572 2669 qui
586 2613 642 2652 nec
663 2592 780 2670 publica
792 2590 985 2668 majestate‘in
998 2591 1074 2666 lega·

98 2667 146 2736 tis,
160 2688 216 2726 uec
230 2669 260 2725 in
275 2672 472 2730 sacerdotibus
485 2674 563 2731 tanta
584 2674 676 2731 offusa
689 2672 781 2730 oculis
795 2671 947 2746 animoque
961 2669 1075 2745 religio-
1168 2700 1170 2704 ν

21 2743 50 2809 l)
99 2765 137 2804 ne
151 2758 245 2804 motus
259 2749 348 2826 esset)
363 2749 453 2808 munt
474 2751 641 2809 obstinatior
663 2753 800 2810 adversus
820 2751 961 2825 lacrymas
974 2748 1076 2805 mulie·

99 2824 166 2882 bres
180 2833 249 2880 erat.
271 2824 369 2884 ·Dein
391 2827 572 2888 familiarium
597 2831 726 2906 quidam,
749 2830 798 2906 qui
812 2829 955 2905 insignem
968 2825 1113 2884 moesti-ro

99 2902 141 2960 tia
154 2901 229 2960 inter
243 2911 362 2960 caeteras
376 2920 548 2980 cognoverat
561 2909 724 2983 Veturiam,
737 2909 812 2968 inter
825 2926 929 2967 nurum
943 2915 1076 2983 nepotes-

100 2999 156 3056 que
171 2993 305 3047 stantem‚
328 2983 424 3041 “Nisi
448 3003 494 3040 me
519 2984 720 3061 frustrantur,”
735 2989 836 3065 inquit,
852 2993 870 3020 “
882 2987 969 3054 oculi,
983 2995 1075 3043 mater

103 3060 187 3118 “tibi
210 3063 375 3138 conjuxque
397 3073 426 3121 et
449 3063 532 3120 liberi
557 3064 688 3122 adsunt.''
738 3067 919 3140 Coriolanus,
942 3065 1029 3141 prope
1043 3072 1076 3121 ut

104 3157 205 3198 amens
226 3153 436 3212 consternatus,
462 3143 498 3200 ab
522 3143 590 3200 sede
604 3145 655 3200 sua
676 3163 764 3219 quum
788 3146 874 3203 ferret
886 3144 970 3202 matri
983 3142 1075 3202 obvim

104 3220 296 3295 complexum,
310 3222 413 3280 mulier
426 3223 457 3279 in
471 3222 542 3279 iram
556 3241 593 3279 ex
605 3223 740 3297 precibus
753 3243 845 3291 versa,
860 3233 879 3260 “
891 3224 972 3296 Sine,
985 3221 1113 3298 prius-3⁵

105 3301 125 3330 “
135 3317 221 3373 quam
235 3303 416 3378 complexum
430 3301 552 3376 accipio,
567 3300 688 3374 sciam‚”
703 3301 806 3376 inquit,
821 3303 889 3359 “ad
902 3303 1023 3375 hostem,
1038 3320 1075 3358 an

105 3379 174 3436 “ad
187 3379 288 3449 filium,
303 3381 451 3439 venerim:
472 3381 585 3456 captiva
608 3391 748 3439 mater-ne
769 3381 799 3437 irr
814 3382 914 3438 castris
927 3381 983 3440 tuis
997 3381 1050 3439 sim
1063 3381 1075 3437 l

107 3461 126 3492 ‘⁸
138 3459 174 3517 In
188 3458 244 3518 hoo
257 3479 303 3518 me
317 3461 405 3535 longa
426 3459 484 3516 vita
506 3467 536 3516 et
549 3459 650 3516 infelix
663 3469 781 3517 senecta
794 3459 889 3532 lmxit,
902 3472 935 3519 ut
948 3460 1078 3519 exsulem

108 3547 127 3579 “
139 3550 177 3614 te,
192 3541 297 3601 deinde
318 3541 429 3599 hostem
452 3539 601 3596 videreml
643 3537 764 3596 Potuisti
777 3538 907 3615 populari
927 3541 1004 3598 hanc
1024 3549 1078 3596 ter·
1126 3609 1129 3616 Ι

108 3621 128 3650 “
140 3638 211 3692 ram,
225 3639 287 3695 quae
311 3629 340 3677 te
359 3617 460 3696 genuit
483 3628 567 3694 atque
592 3617 685 3676 aluitl
726 3617 796 3676 Non
817 3617 880 3689 tibi,
894 3619 1022 3696 quamvis
1035 3617 1079 3674 in·
1088 3635 1118 3678 ao

109 3698 128 3727 ‘⁶
140 3696 212 3763 festo
222 3699 318 3758 animo
329 3709 358 3756 et
368 3696 476 3756 minaci
484 3716 666 3774 perveneras,
677 3697 853 3774 ingredienti
861 3695 934 3753 fine's
948 3698 991 3754 ira
1002 3695 1080 3754 ceci-

111 3780 130 3836 .“
142 3776 207 3834 dict
230 3797 299 3848 non,
313 3797 402 3856 quum
415 3777 446 3837 in
460 3787 617 3856 conspectu
626 3776 724 3836 Roma
736 3776 799 3852 fuit,
814 3774 968 3844 succurrit.
982 3773 1082 3832 ‘Intra
