2556 4314
108 288 128 347 4
425 293 455 342 Τ.
472 295 560 344 LlVll
576 295 769 348 PRAEFATIO.

110 431 261 494 miscendo
287 436 415 495 humana
441 437 557 508 divinis,
590 439 747 516 primordie
773 441 888 502 urbium
921 445 1087 523 qugustiora

108 531 204 592 saciat.
246 534 294 605 Et,
309 537 334 594 si
348 537 396 595 cui
410 539 516 615 populo
529 539 618 598 licere
639 552 750 618 oportet
770 561 942 602 consecrare
959 544 1087 624 origines

106 652 183 703 suas,
198 644 228 693 et
251 636 288 694 ad
302 636 382 695 Deos
403 639 510 720 referre
531 650 673 710 auctores,
688 659 724 700 ea
737 642 805 701 belli
818 643 910 720 gloria
923 655 967 702 est
980 647 1086 722 populo

104 731 251 803 Romano,
273 746 314 806 ut,
329 755 417 812 quum
442 758 527 797 suum
548 739 761 816 conditorisque
783 742 828 799 sui
841 748 992 818 parentem
1006 743 1085 804 Mar·

103 843 161 892 tem
176 835 359 911 potissimum
373 837 455 911 ferat,
476 848 535 895 tarn
556 848 586 897 et
599 840 655 897 hoc
674 850 778 916 gentes
791 842 926 900 humane
938 843 1084 919 patiantur
1104 860 1118 900 5

101 951 183 1010 aequo
204 936 310 1004 animo,
338 937 424 1011 quarn
446 937 599 1014 imperium
622 939 780 1015 patiuntur.
823 941 883 999 Sed
904 942 968 1001 haec
987 953 1018 1001 et
1038 942 1083 1003 his

20 1016 25 1024 ’
99 1032 216 1104 similia,
227 1033 384 1112 utcuinque
397 1037 597 1096 animadversa
610 1049 660 1097 aut
672 1039 836 1099 existimata
850 1052 945 1116 erunt,
959 1043 1037 1102 haud
1050 1043 1082 1102 in

100 1151 217 1214 magno
231 1122 365 1210 equidem
390 1155 496 1212 ponam
520 1137 698 1198 discrimine.
741 1139 789 1198 Ad
814 1128 863 1200 illa
884 1140 956 1199 mihi
978 1161 1030 1219 pro
1050 1161 1082 1202 se

100 1233 221 1310 quisque
249 1235 352 1294 acriter
379 1235 511 1295 intendat
544 1239 685 1308 animum,
719 1258 783 1316 quae
810 1241 878 1314 rita,
911 1240 961 1318 qui
987 1261 1082 1301 mores

100 1332 226 1406 suerint;
247 1354 299 1412 per
312 1355 383 1412 quos
397 1336 481 1406 viros,
496 1337 656 1414 quibusque
671 1339 790 1414 artibus,
811 1340 889 1400 domi
903 1340 1080 1418 militiaeque‚
1091 1355 1115 1397 10

96 1443 127 1493 et
139 1431 255 1510 partum
274 1445 304 1493 et
327 1447 445 1495 auctum
470 1437 622 1514 imperium
643 1439 701 1510 sit;
722 1439 837 1499 labente
859 1441 965 1500 deinde
983 1442 1081 1519 paula-

68 1557 70 1560 ·
95 1534 148 1594 tim
169 1535 334 1612 disciplina,
358 1537 437 1596 velut
460 1537 627 1598 desidentes
650 1538 745 1616 primd
760 1560 855 1600 mores
870 1552 1005 1619 sequatur
1019 1542 1080 1602 ani·

100 1653 151 1694 mo
166 1655 173 1706 ;
196 1636 303 1694 deinde
317 1647 350 1694 ut
362 1638 456 1714 magis
470 1639 619 1716 magisque
629 1640 701 1717 lapsi
712 1641 771 1699 sint
785 1661 793 1712 3
808 1652 869 1704 tum
883 1643 924 1701 ire
938 1644 1081 1721 coeperint

96 1735 281 1814 praecipites3
303 1737 398 1797 donec
421 1739 457 1796 ad
480 1740 543 1798 haec
564 1751 703 1818 tempora,
727 1742 832 1818 quibus
852 1761 909 1802 nec
932 1743 1080 1802 vitiunos-

97 1846 142 1896 tre
156 1856 212 1896 neo
234 1839 364 1919 remedia
386 1840 445 1917 pati
467 1860 629 1916 possumus,
650 1851 819 1917 perventum
832 1849 885 1897 est.
927 1840 994 1898 Hoc
1007 1840 1079 1898 illud
1089 1854 1114 1894 15
1213 1915 1218 1922 ι

95 1947 140 1996 est
161 1937 305 2014 praecipue
331 1939 360 1995 in
385 1939 552 2015 cognitione
576 1957 672 1996 rerum
702 1937 817 1996 salubre
841 1956 877 1996 ac
896 1937 1076 2016 frugiferum,

95 2036 194 2099 omnis
213 2048 243 2098 te
267 2037 391 2115 exempli
414 2038 591 2096 documenta
613 2038 645 2095 in
658 2037 761 2096 illustri
782 2036 875 2113 positu
888 2050 1079 2125 monumento

93 2138 217 2198 intueri:
239 2139 307 2198 inde
328 2138 381 2197 tibi
401 2149 515 2215 tuaeque
529 2137 707 2214 reipublice,
721 2135 797 2214 quod
811 2137 934 2213 imitere,
956 2135 1074 2230 capias:

97 2238 177 2309 inde,
202 2239 312 2299 soedum
336 2240 465 2316 inceptu,
480 2239 589 2297 foedum
613 2238 703 2307 exitu,
717 2239 793 2313 quod
806 2239 888 2297 vites
915 2237 1074 2325 *Caeterldm
1105 2287 1110 2316 2

94 2350 146 2400 aut
166 2358 213 2399 me
236 2358 314 2399 arnor
327 2339 437 2416 negotii
461 2338 588 2415 suscepti
612 2337 693 2408 sallit,
708 2348 759 2397 aut
776 2338 855 2398 nulla
874 2357 1003 2425 unquam
1017 2348 1111 2399 res-2⁰

93 2440 211 2518 publica
235 2459 296 2520 nec
315 2441 415 2518 major,
441 2459 497 2499 nec
519 2440 655 2516 sanctior,
668 2459 725 2499 nec
739 2441 823 2510 bouis
836 2440 976 2517 exemplis
989 2439 1074 2530 ditior

93 2538 168 2611 fuit3
190 2541 246 2600 nec
270 2541 301 2601 in
322 2560 408 2619 quarn
432 2540 578 2602 civitatem
601 2551 660 2601 tam
682 2559 753 2602 serae
767 2539 885 2600 avaritia
904 2539 1081 2616 luxuriaque·

94 2641 321 2720 immigraverint
329 2662 336 2712 3
354 2642 476 2701 necubi
490 2651 588 2702 tantus
602 2661 636 2702 ac
651 2651 709 2700 tam
724 2641 774 2700 diu
788 2641 949 2719 paupertati
963 2659 998 2700 uo
1011 2659 1075 2718 par·

93 2740 224 2800 simonie
249 2743 340 2807 bonos
361 2741 466 2800 suerit:
498 2742 582 2816 aded,
603 2739 710 2817 quautd
735 2759 832 2801 rerum
855 2740 962 2809 minus,
993 2738 1073 2799 tantd

55 2825 57 2830 ⁸
94 2841 192 2902 minus
216 2841 382 2918 cupiditatis
403 2850 472 2899 erat.
515 2841 617 2917 Nuper
639 2839 746 2899 divitias
760 2839 918 2914 avaritiam,
939 2850 969 2898 et
982 2839 1110 2928 abun-ss

24 2929 27 2936 ⁴
94 2939 199 3001 dautes
227 2940 387 3018 voluptates
408 2941 583 3000 desiderium
607 2957 658 3016 per
678 2939 782 2999 luxum
809 2949 894 3015 atque
920 2938 1072 3000 libidinem

52 3019 55 3024 ’
92 3042 234 3120 pereundi
254 3041 452 3119 perdendique
475 3039 575 3100 omnia
597 3038 739 3126 invenire.
792 3039 851 3097 Sed
875 3039 1010 3115 querelae,
1034 3057 1072 3100 ne

92 3152 154 3202 tum
164 3142 282 3219 quidem
296 3152 384 3219 grata
399 3141 610 3216 futuroe‚quum
624 3140 743 3200 forsitan
756 3149 786 3198 et
796 3140 968 3224 necessariae
977 3149 1071 3211 erunt,

94 3215 228 3304 sb'initio
241 3241 320 3301 certe
334 3249 422 3302 taatae
433 3239 580 3330 prdiendae
591 3240 633 3302 rei
648 3239 751 3298 absint
793 3240 870 3299 Cum
882 3240 965 3299 bonis
977 3237 1073 3318 potiris
1109 3287 1114 3320 ‚

89 3334 241 3404 ¹ominibus
254 3341 383 3418 votisque
397 3360 432 3400 ao
452 3339 666 3418 precationibus
679 3338 807 3401 Deorum
822 3330 1007 3416 Deorumque
1023 3336 1109 3420 (slew

95 3454 128 3506 ut
141 3443 246 3522 politis,
269 3443 353 3502 nobis
365 3462 477 3519 quoque
492 3459 554 3500 mos
566 3442 657 3521 esset)
672 3439 1026 3518 libentidsinciperemuS,
1041 3448 1073 3498 ut

93 3544 166 3608 orsis
179 3544 251 3606 anti
264 3544 359 3623 operis
372 3563 525 3604 successus
539 3559 689 3620 prosperos
702 3540 813 3602 darent
856 3558 866 3583 ‘s
