2556 4314
522 337 628 388 LIBER
644 326 716 388 xxi.
734 350 797 387 car.
813 352 866 387 ιιι.
1129 337 1188 398 169

210 481 289 540 tione
309 499 400 556 quum
424 481 455 540 in
477 499 568 540 unum
589 481 803 557 colligerentur,
817 463 981 557 priusquam
995 469 1125 540 ex'tanto
1137 498 1188 556 pa·

210 580 278 619 vore
292 561 456 638 reciperent
469 562 590 629 animos,
605 561 765 630 Hannibal,
790 561 906 637 agmine
919 562 1056 636 quadrato
1070 578 1186 619 amnem
1263 579 1264 630 f

211 641 369 717 ingressus,
385 641 483 718 sugam
503 661 541 700 ex
558 641 621 716 ripai
634 640 722 698 secit:
744 641 916 716 vastatisque
931 641 1017 716 agris,
1030 642 1105 698 iutra
1118 659 1187 718 pau·

211 739 262 784 cos
276 721 338 780 dies
351 722 530 798 Carpe-tanos
542 736 655 797 quoque
668 721 698 780 in
720 720 897 778 deditionem
911 721 1032 796 accepit.
1073 721 1111 778 Et
1128 722 1188 798 jam
1230 720 1236 728 '

187 800 311 862 somnia
322 812 402 860 trans
419 802 548 877 Iberum,
571 811 673 879 preter
698 801 884 878 Saguntinos,
903 801 1188 878 Carthaginiensium

212 892 303 940 erant.

174 1063 202 1122 g*
251 1039 304 1097 VI.
326 1039 402 1098 Cum
417 1037 587 1130 Saguntinis
600 1039 708 1098 bellum
721 1040 851 1098 nondum
865 1049 948 1096 erat·
970 1039 1107 1098 caeterdm
1118 1037 1188 1137 ιἰιι,

174 1145 194 1200 ⁰!
174 1097 293 1176 2belli
291 1137 400 1187 causa,
429 1120 589 1178 certamina
610 1138 679 1177 curn
704 1120 834 1178 finitimis
857 1119 1036 1192 serebantur,
1061 1118 1188 1177 maxime

180 1189 409 1256 ‘''Turdetanis·
430 1200 534 1291 quibus
558 1199 646 1275 quum
662 1201 775 1258 adesset
789 1199 867 1256 idem
870 1218 940 1274 ,ιιιιι
933 1199 1012 1257 litis
1026 1210 1088 1256 erat
1101 1209 1187 1272 sator,

209 1297 265 1335 nec
288 1290 437 1337 certamen
456 1280 537 1356 juris,
552 1281 604 1336 sed
625 1281 681 1337 vim
685 1279 794 1356 ‚quaeri
814 1291 982 1355 appareret3
1003 1278 1091 1356 legati
1106 1299 1123 1336 a
1137 1279 1190 1336 Sa·

72 1355 75 1361 ’
173 1353 193 1429 ᾖ
209 1355 338 1448 guntinis
352 1345 478 1416 Romam
492 1359 583 1427 missi,
605 1327 743 1417 auxilium
757 1359 796 1417 ad
815 1359 944 1418 bellum'
934 1379 993 1435 Jarn
1008 1355 1189 1416 hauddubie

179 1446 193 1488 ιί
210 1437 365 1495 imminens
376 1449 499 1496 orantes.
540 1439 686 1496 Consules
694 1451 764 1497 tunc
778 1439 881 1497 Romae
892 1447 975 1498 erant
989 1438 1021 1496 P.
1034 1438 1189 1497 Cornelius

179 1508 195 1552 5
173 1516 311 1592 Scipio
324 1527 354 1574 et
374 1517 423 1574 Ti.
450 1513 638 1593 Sempronius
652 1518 787 1594 Longus,
808 1519 857 1593 qui
870 1538 969 1593 quum,
983 1519 1107 1594 legatis
1099 1539 1130 1576 ru
1144 1537 1188 1576 se-

184 1607 312 1653 natum
334 1596 514 1667 introductio,
537 1597 574 1653 de
601 1597 750 1673 republica
773 1596 948 1665 retulissent,
975 1599 1188 1673 placuissetque

176 1691 202 1730 15
211 1676 286 1732 mrttr
307 1671 450 1765 legatos
441 1696 472 1733 111
495 1644 667 1751 Hispaniam
692 1677 728 1733 ad
750 1695 797 1733 res
811 1676 953 1734 sociorum
972 1677 1187 1752 inspiciendas·
1180 1721 1188 1748 ,

210 1754 351 1829 quibus'
328 1774 352 1812 ιι
377 1755 520 1812 videretur
541 1755 630 1845 digna
643 1775 741 1823 causa,
755 1765 785 1814 et
798 1755 959 1813 Hannibali
975 1751 1189 1831 denuntiarent,

210 1845 242 1892 ut
255 1834 292 1890 ab
306 1834 487 1924 Saguntinis,
493 1835 596 1893 -sociis
616 1836 713 1925 populi
737 1835 876 1908 Romani,
897 1835 1063 1908 abstineret,
1077 1847 1107 1893 et
1120 1835 1190 1895 Car·

209 1914 381 1990 thaginem
373 1934 403 1971 ιιι
426 1914 557 1972 Africam
572 1916 748 1991 trajicerent,
763 1935 798 1974 ac
813 1916 956 1974 sociorum
969 1883 1066 1992 populi
1080 1915 1189 1974 Roma·

210 1993 241 2050 ni
255 1993 449 2069 querimonias
473 1994 627 2052 deferrent.
669 1993 736 2052 Hac
761 1995 904 2072 legatione
919 1996 1046 2063 decretal,
1061 1997 1189 2056 haedum

172 2073 307 2141 comissa,
331 2074 461 2133 omnium
482 2093 533 2151 spe
557 2073 679 2134 celerius
704 2077 866 2152 Saguntum
887 2075 1048 2152 oppugnari
1070 2076 1188 2135 allatum

208 2164 261 2210 est.
303 2153 393 2211 Tunc
406 2154 496 2212 relata
509 2173 547 2212 ex
568 2155 682 2231 integro
695 2175 741 2213 res
755 2155 791 2213 ad
806 2166 947 2213 senatum.
989 2154 1061 2223 Alii,
1075 2152 1189 2231 provin'·

209 2232 270 2291 cias
283 2234 451 2310 consulibus
465 2234 637 2310 Hispaniam
652 2247 737 2310 atque
751 2236 883 2293 Africam
897 2236 1098 2305 decernentes,
1113 2240 1188 2295 terri

207 2312 336 2387 marique
357 2333 419 2371 rem
444 2315 603 2390 gerendam
626 2316 804 2373 censebant:
826 2316 875 2373 alii
889 2324 979 2373 totum
1005 2315 1036 2372 iu
1051 2315 1188 2406 Hispani·

208 2409 255 2446 am
280 2392 533 2485 Hannibalemque
557 2394 747 2451 intendebant
771 2395 886 2452 bellum.
928 2395 1030 2462 Erant,
1056 2396 1104 2469 qui
1128 2415 1188 2454 non

171 2468 318 2529 tatemere
333 2472 505 2528 movendam
529 2490 591 2528 rem
614 2467 724 2529 tantam
727 2473 1015 2562 ,exspectandosque
1029 2493 1067 2530 ex
1082 2473 1188 2551 Hispa-

208 2549 257 2606 nis
270 2548 380 2624 legatos
394 2559 556 2607 censerent.
598 2550 673 2607 Haec
698 2551 851 2618 sententia,
866 2571 930 2640 quae
952 2551 1097 2608 tutissima
1110 2555 1188 2612 vide·

208 2628 301 2701 batur,
316 2628 405 2686 vicit:
426 2627 617 2704 legatique
585 2648 621 2687 ce
636 2628 775 2686 maturius
795 2629 885 2702 missi,
899 2630 931 2686 P.
946 2629 1081 2687 Valerius
1103 2631 1186 2692 Flac-

206 2725 259 2766 cus
273 2717 303 2765 et
316 2707 357 2769 Q,
378 2707 495 2766 Baebius
519 2708 703 2784 Tamphilus,
729 2709 891 2785 Saguntum
915 2708 952 2765 ad
977 2708 1202 2783 Hannibalem,-

205 2798 290 2878 atque
303 2788 371 2845 inde
386 2787 604 2864 Carthaginem,
616 2788 641 2844 si
655 2808 714 2846 non
729 2787 913 2846 absisteretur
928 2788 1012 2862 bello,
1027 2790 1064 2848 ad
1078 2791 1184 2852 ducem

168 2885 195 2926 aa
204 2867 298 2945 ipsum
313 2869 344 2927 in
357 2887 474 2944 poenam
489 2868 605 2926 soederis
618 2869 694 2945 rupti
709 2868 934 2944 deposcendum.

142 3025 149 3038 '
244 3025 314 3084 VII.
337 2981 416 3084 Dum
430 3045 466 3084 ea
479 3027 607 3086 Romam
628 3038 731 3103 parant
749 3029 1007 3104 consultantque,
997 3048 1057 3106 Jam
1073 3032 1185 3110 Sagun·

203 3115 265 3163 tum
280 3109 391 3164 summi
413 3126 440 3164 vr
433 3107 683 3184 oppugnabatur.
725 3108 835 3166 Civitas
856 3128 890 3166 ea
903 3109 988 3186 longe
1001 3112 1183 3202 opulentissi-

160 3187 168 3198 '
203 3205 251 3243 ma
265 3186 338 3246 ultra
353 3185 470 3245 Iberum
495 3188 558 3256 suit,
575 3188 629 3245 sita
651 3207 718 3263 pass
719 3207 753 3245 us
766 3188 844 3246 mille
859 3188 949 3246 ferme
964 3192 1075 3248 amari.
1118 3194 1183 3253 Ori·

204 3267 274 3323 undi
289 3285 305 3324 a
321 3265 476 3341 Zacyntho
497 3267 591 3326 insula
616 3267 762 3335 dicuntur,
777 3268 916 3364 mixtique
930 3269 1017 3327 etiam
1032 3273 1069 3328 ab
1083 3272 1182 3332 Ardea

168 3344 381 3402 asRutulorum
403 3346 521 3419 quidam
545 3346 681 3436 generis.
710 3345 848 3405 caeterdm
873 3348 903 3406 in
917 3360 1013 3407 tantas
1028 3350 1106 3407 brevi
1120 3371 1182 3411 cre·

204 3433 305 3480 verant
327 3442 407 3498 opes,
431 3442 484 3480 seu
503 3425 664 3498 maritimis,
684 3445 738 3483 seu
760 3428 941 3486 terrestribus
964 3427 1114 3499 fructibus,
1129 3450 1180 3490 seu

203 3500 414 3559 multitudinis'
406 3513 598 3576 incremento,
610 3523 661 3561 seu
675 3507 826 3565 sanctitate
844 3507 1015 3583 disciplina,
1026 3525 1081 3580 qua
1069 3475 1180 3568 iidem

203 3579 341 3638 socialem
364 3599 455 3672 usque
480 3583 517 3642 ad
540 3582 699 3659 perniciem
720 3605 802 3644 suam
817 3586 978 3644 coluerunt.
1020 3585 1179 3672 Hannibal,

201 3659 308 3718 infesto
321 3660 451 3718 exercitu
474 3661 622 3738 ingressus
636 3663 718 3732 fines,
733 3665 901 3740 pervastatis
914 3661 1020 3739 passim
1034 3663 1121 3737 agris,
1135 3687 1181 3726 ur-

167 3739 269 3797 schem
283 3738 423 3815 tripartitb
436 3742 617 3818 aggreditur.
653 3744 789 3820 Angulus
809 3744 884 3801 muri
897 3750 959 3798 erat
976 3740 1006 3798 in
1021 3741 1180 3817 planiorem

200 3818 459 3896 patentioremque,
472 3820 560 3898 quam
580 3832 687 3958 cartelr5a
699 3823 788 3894 circi,
802 3821 905 3880 vallem
919 3837 1060 3895 vergens:
1082 3825 1180 3888 adrer-
