2556 4314
602 699 640 784 r.
662 723 767 806 mvn

499 967 865 1044 panarum.
938 1039 942 1044 ,

617 1193 753 1206 -...-...

137 1290 184 1407 l(
236 1339 442 1399 Facnnnusnn
470 1357 564 1414 operae
587 1339 710 1423 pretium
732 1337 797 1407 sim,
823 1337 847 1396 si
868 1357 885 1396 a
909 1335 1065 1414 primordio
1087 1335 1175 1396 Urbis

131 1421 135 1430 ’
198 1459 244 1500 res
267 1439 364 1519 populi
388 1439 517 1498 Romani
537 1439 764 1516 perscripserim,
788 1437 936 1497 nec‘satis
963 1437 1033 1510 scio,
1060 1455 1128 1510 nec,
1152 1435 1176 1494 si
1255 1479 1256 1483 ,

197 1540 300 1614 sciam,
314 1539 413 1598 dicere
427 1539 538 1609 ausim,
559 1539 665 1616 quippe
679 1539 739 1615 qui,
752 1558 842 1615 quum
855 1548 991 1611 veterem,
1005 1548 1068 1596 tum
1078 1537 1178 1615 virigu-

159 1674 162 1682 ι
198 1649 260 1696 tam
273 1635 337 1696 esse
350 1657 423 1712 rem,
444 1637 567 1713 vltleam,
592 1640 663 1695 dum
684 1639 752 1697 novi
773 1657 886 1714 semper
907 1639 1070 1714 scriptores,
1085 1637 1178 1697 autin

176 1739 290 1798 trebus
310 1737 420 1796 certius
435 1737 543 1813 aliquid
567 1737 702 1796 allaturos
716 1757 758 1806 se,
773 1747 823 1795 aut
836 1735 981 1796 scribendi
996 1748 1056 1795 arte
1077 1737 1179 1795 rudem

150 1895 153 1899 .
198 1847 371 1897 vetustatem
398 1847 590 1914 superaturos,
618 1839 750 1896 credunt
792 1837 957 1918 Utcumque
982 1837 1047 1914 erit,
1067 1837 1180 1916 juvabit

200 1949 309 2012 tamen,
323 1957 419 1996 rerum
439 1948 587 2014 gestarum
608 1939 753 1997 memorias
776 1938 916 2016 principis
936 1948 1076 1998 terrarum
1090 1957 1180 2016 popu·

201 2033 222 2092 li
236 2053 287 2111 pro
306 2033 381 2091 virili
399 2043 480 2110 parte
503 2037 593 2092 et'me
614 2035 710 2112 ipsum
733 2036 932 2107 consuluisse3
953 2046 993 2104 et,
1016 2035 1040 2094 si
1054 2035 1085 2094 in
1098 2035 1179 2094 ta'ntsl

201 2133 371 2211 scriptorum
385 2133 471 2192 turba
484 2153 550 2192 mea
560 2134 637 2192 sama
649 2135 680 2193 in
694 2135 875 2211 obscurosit,
886 2137 1036 2196 nobilitate
1050 2154 1085 2195 ac
1098 2153 1180 2214 mag·

167 2245 192 2288 1⁰
202 2233 334 2292 nitndine
361 2253 471 2304 eurum,
499 2254 565 2293 meo
591 2235 640 2310 qui
666 2235 778 2294 nomini
804 2235 954 2309 officient,
970 2255 1017 2294 me
1037 2235 1179 2296 consoler.

164 2377 171 2384 .
202 2333 266 2393 Res
288 2345 332 2392 est
354 2345 494 2412 praeterea
507 2345 537 2393 et
557 2335 692 2394 immensi
715 2336 819 2413 operis,
843 2347 876 2394 ut
888 2355 952 2413 quae
973 2355 1060 2414 supra
1073 2336 1180 2414 septin-

201 2425 397 2509 gentesimum
419 2449 529 2490 annum
550 2429 714 2508 repetatur3
735 2441 765 2490 et
785 2451 859 2510 quae,
874 2434 911 2490 ab
925 2433 1037 2510 exiguis
1051 2433 1180 2510 prolecta

201 2531 303 2600 initiis,
331 2529 366 2588 εδ
393 2532 526 2598 creverit,
553 2541 586 2588 ut
609 2531 669 2607 jam
693 2532 893 2608 magnitudine
913 2531 1024 2590 laboret
1050 2535 1119 2590 sul:
1151 2542 1181 2591 et

139 2649 145 2654 ·
200 2630 364 2710 legentium
377 2629 531 2707 plerisque,
543 2629 620 2687 haud
631 2629 739 2702 dubito,
754 2631 824 2707 quin'
835 2630 937 2707 prima?
949 2631 1076 2708 origines
1087 2632 1182 2710 proxi·

167 2756 193 2796 15
203 2750 307 2807 maque
333 2729 496 2808 originibus
522 2729 620 2789 minus
645 2729 800 2806 praebitura
829 2731 982 2808 voluptatis
1008 2731 1076 2802 sint,
1104 2733 1181 2792 sesti·

202 2832 404 2890 nantibus-ad
439 2831 502 2889 haec
529 2849 613 2904 nova,
641 2830 744 2906 quibus
774 2831 835 2909 jam
861 2831 973 2909 pridem
998 2833 1181 2911 prevalentis

203 2931 301 3010 populi
321 2919 396 2989 vi'res
417 2949 449 2989 se
473 2929 542 3009 ipsa
566 2930 734 2991 conficiunt.
776 2932 850 3010 Ego,
870 2932 982 3008 contrl,
996 2935 1053 2994 hoc
1067 2953 1180 3012 quoque

203 3029 310 3088 laboris
329 3030 479 3106 premium
499 3041 606 3109 petam,
627 3041 661 3090 ut
673 3051 720 3090 me
741 3037 931 3110 aconspectn
952 3034 1181 3113 malorumque

204 3139 302 3188 nostra
314 3139 357 3189 tot
378 3149 430 3208 per
451 3149 543 3190 anuos
561 3130 633 3190 vidit
653 3142 732 3206 aetas,
746 3134 885 3211 tantisper
903 3135 982 3194 certe
1003 3136 1074 3196 dum
1086 3136 1183 3214 prisca

168 3229 330 3288 suillatoti·
349 3240 447 3289 mente
471 3221 579 3308 repeto,
604 3242 741 3306 avertam,
765 3235 859 3313 omnis
882 3247 985 3314 expers
1006 3256 1095 3312 curae,
1116 3255 1181 3314 quae

203 3329 357 3390 scribentis
390 3331 530 3402 animum,
557 3333 612 3392 etsi
642 3353 702 3393 non
729 3333 846 3394 flectere
873 3355 891 3394 a
917 3356 993 3406 vero,
1027 3337 1183 3397 sollicitum

203 3442 302 3490 tamen
325 3431 441 3490 efficere
464 3433 563 3510 possit.
604 3432 682 3497 Quae
706 3447 774 3496 ants
795 3436 941 3495 conditam
962 3437 1182 3497 condendamve

204 3528 324 3602 Urbem,
350 3532 472 3609 poeticis
505 3533 599 3612 magis
626 3535 732 3609 decora
758 3537 872 3606 fabulis,
894 3537 980 3615 quim
1007 3533 1181 3611 incorruptis

204 3633 467 3708 rerumgestarum
489 3635 694 3710 monumentis,
719 3637 880 3713 traduntur,
904 3655 940 3694 ea
959 3651 1019 3694 ue·
1040 3631 1183 3700 affirmare

168 3745 195 3790 at
204 3749 261 3793 uec
274 3729 405 3792 refellere
419 3733 451 3816 iu
461 3733 562 3795 enimc
575 3745 628 3797 est·
669 3735 763 3796 Datur
776 3736 839 3795 hacc
857 3733 943 3793 senia
955 3726 1127 3801 antiquitati,
1141 3735 1183 3795 ut,
