2556 4314
106 318 163 377 102
505 315 576 365 ΤΙΤΙ
592 316 679 364 LlVll

105 460 172 520 “de
185 459 397 536 provocatione,
411 467 442 514 et
452 455 628 527 consulares,
638 465 672 522 ,ct
683 453 865 524 tribunicias,
884 471 921 514 eo
931 455 993 530 ipso
1004 475 1083 518 auno
1106 445 1112 456 ¹

105 537 214 598 “latas
254 538 356 599 Quem
380 535 459 594 enim
481 543 711 610 provocaturum,
734 534 759 590 si
778 533 834 591 hoc
848 533 1027 608 indemnato,
1038 537 1082 594 in·

105 627 125 656 “
137 618 217 677 dett
230 616 328 687 causti,
342 633 401 673 non
422 613 532 671 liceatl
554 611 603 670 cui
627 612 741 689 plebejo
753 621 783 670 et
797 612 900 670 humili
913 613 1081 688 presidium

77 766 79 769 Ι
105 697 165 755 “in
178 695 293 771 legibus
306 694 377 762 fore,
401 692 427 750 si
450 692 507 768 Ap.
530 691 655 750 Claudio
677 710 737 750 non
761 691 820 749 sitt
852 709 884 748 se
905 691 1082 754 documento

104 781 122 808 “
134 775 272 845 futurum,
287 774 382 831 utrum
403 770 485 830 novis
504 771 618 848 legibus
631 769 790 829 dominatio
803 789 841 829 an
854 770 973 828 libertas
987 771 1081 831 firma·
1101 783 1117 826 e

105 859 165 912 “ta
179 854 235 924 sit;
257 864 286 911 et
300 851 452 928 appellatio
475 850 696 926 provocatioque
711 847 847 908 advorsus
870 849 1008 926 injuriam
1023 869 1082 910 ma·
1144 872 1148 878 ·

104 941 124 970 “
134 932 306 1009 gistratuum
320 939 464 991 ostentata
477 930 588 988 tantum
613 930 750 989 inanibus
764 929 864 999 literis,
879 947 917 987 an
932 930 998 992 vere
1014 931 1081 989 data

7 1079 9 1090 ,
104 1010 200 1088 ‘fait”
221 1039 253 1114 rN
647 1009 650 1014 '

49 1161 82 1246 ’ἦ
142 1170 238 1229 LVII.
260 1169 370 1228 Contra
392 1187 428 1227 ea
451 1167 612 1245 Virginius,
634 1186 726 1224 unum
749 1168 807 1243 Ap.
824 1166 979 1225 Claudium
992 1178 1023 1226 et
1034 1167 1077 1224 le·

102 1266 173 1324 gum
197 1259 344 1324 expertem
365 1259 395 1306 et
419 1247 512 1306 civilis
536 1257 566 1304 et
584 1246 704 1304 humani
728 1246 844 1305 soederis
871 1264 945 1314 esse,
972 1245 1114 1304 aiebatro

103 1327 327 1404 “Respicerent
349 1327 475 1385 tribunal
500 1326 642 1394 homines,
667 1326 818 1384 castellum
841 1325 1078 1384 omniumscele·

104 1410 121 1438 ‘¹
132 1425 216 1477 rum3
238 1407 288 1484 ubi
313 1406 459 1464 decemvir
481 1405 529 1463 ille
542 1415 707 1481 perpetuus,
723 1405 815 1478 bonis,
836 1415 927 1482 tergo,
942 1403 1077 1481 sanguini

103 1485 239 1544 “civium
254 1485 385 1562 infestus,
399 1485 494 1562 virgas
518 1502 690 1559 securesque
708 1484 843 1542 omnibus
857 1484 1005 1552 minitans,
1019 1483 1077 1541 De·

4 1611 6 1620 ,
103 1567 214 1622 “orum
236 1561 442 1639 hominumque
464 1572 664 1638 contemptun
685 1563 880 1635 carnificibus,
895 1582 953 1620 non
972 1562 1078 1620 lictori·

101 1647 119 1674 “
131 1641 195 1711 bus,
210 1642 338 1718 stipatus,
350 1642 412 1719 jam
425 1661 443 1700 a
456 1641 563 1718 rapinis
577 1651 606 1698 et
620 1641 749 1700 caedibus
763 1642 860 1700 animo
874 1642 911 1699 ad
924 1641 1077 1699 libidinem
1086 1657 1111 1696 1⁵

101 1728 120 1757 “
132 1739 222 1793 verso,
238 1721 379 1797 virginem
394 1722 551 1796 ingenuam
565 1720 596 1776 in
609 1720 704 1778 oculis
727 1721 826 1797 populi
839 1720 979 1788 Romani,
997 1720 1076 1778 velut
1133 1727 1136 1731 '

99 1804 117 1832 “
128 1799 204 1859 bello
217 1811 342 1876 captam,
356 1819 373 1856 a
386 1799 540 1875 complexu
561 1800 649 1873 patris
670 1798 826 1875 abreptam,
848 1799 980 1857 ministro
993 1799 1075 1857 cubi·

100 1878 190 1936 “culi
215 1879 260 1936 sui
282 1879 382 1935 clienti
406 1879 483 1936 dono
506 1876 633 1947 dederit,
655 1877 706 1935 ubi
720 1878 831 1936 crudeli
845 1877 963 1935 decreto
973 1877 1073 1934 nefan-

7 2009 11 2018 .
100 1958 232 2033 “disque
246 1957 381 2014 vindiciis
402 1957 550 2014 dexteram
568 1957 657 2030 patris
670 1956 701 2013 in
722 1955 810 2013 filiam
819 1955 987 2025 armaverit;
1009 1955 1071 2023 ubi,
1131 2001 1134 2006 .

99 2035 263 2093 “tollentes
277 2053 382 2110 corpus
405 2033 575 2091 semianime
589 2035 719 2112 virginis,
734 2053 870 2111 sponsum
884 2034 1110 2092 avunculum-n

99 2123 118 2151 “
130 2133 185 2189 que
200 2113 230 2170 in
244 2131 392 2170 carcerem
414 2113 482 2171 duci
500 2112 635 2190 jusserit3
657 2124 756 2190 stupro
776 2113 956 2192 interpellato
970 2113 1071 2190 magis,

1 2215 16 2270 g
87 2191 217 2268 “quim
244 2192 334 2262 caede,
358 2202 472 2250 motusr
507 2203 536 2250 et
560 2192 601 2251 illi
626 2211 774 2251 carcerem
799 2192 973 2250 aedificatum
997 2211 1070 2264 esse,

38 2331 43 2349 α
98 2272 202 2346 “quod
217 2269 396 2330 domicilium
417 2270 510 2346 plebis
524 2265 666 2330 Romane
681 2290 784 2331 vocare
802 2272 839 2330 sit
853 2271 961 2330 solitus.
1003 2269 1072 2329 Pro-

97 2359 119 2387 “*
129 2350 208 2417 inde,
222 2359 255 2407 ut
278 2349 326 2408 ille
350 2349 454 2408 iterum
481 2369 517 2408 ac
531 2350 636 2426 s‘aepius
653 2361 799 2428 provocet,
814 2351 857 2408 sic
870 2369 902 2408 se
915 2350 1021 2408 iterum
1035 2368 1071 2408 ac

52 2489 58 2504 x
97 2434 114 2461 “
125 2429 230 2505 saepius
239 2427 370 2506 judicem
384 2429 425 2487 illi
440 2429 523 2504 ferre,
537 2430 568 2488 ni
582 2430 724 2490 vindicias
737 2429 774 2488 ab
794 2429 927 2488 libertate
941 2428 1109 2487 inservi-aa

66 2509 70 2516 '
97 2512 218 2566 “tutem
241 2508 372 2580 dederit:
401 2509 426 2568 si
449 2510 486 2568 ad
505 2509 636 2587 judicem
657 2528 716 2569 non
731 2520 787 2578 eat,
812 2525 867 2586 pro
887 2510 1024 2568 damnato
1039 2508 1070 2566 in

97 2596 117 2625 ‘⁸
126 2587 242 2646 vincula
255 2587 325 2656 duci
343 2577 478 2664 jubare.’⁵
518 2588 558 2647 Ut
572 2590 649 2667 baud
663 2607 809 2665 quoquam
821 2589 1012 2665 improbante,
1027 2588 1070 2646 sic

96 2685 202 2742 magno
226 2678 306 2726 motu
328 2668 498 2740 animorum,
520 2688 609 2744 quum
633 2669 705 2727 tanti
726 2669 779 2727 viri
803 2668 945 2745 supplicio
959 2676 1070 2726 suamet

94 2745 172 2821 plebi
210 2746 271 2822 jam
304 2746 395 2805 nimia
435 2747 553 2805 libertas
586 2747 741 2820 videretur,
776 2748 807 2806 in
841 2766 989 2808 carcerem
1026 2756 1070 2803 est

95 2825 261 2901 conjectus:
280 2825 413 2882 tribunus
433 2827 461 2883 ei
483 2826 561 2884 diem
584 2828 718 2904 prodixit.
742 2826 840 2900 'Inter
861 2828 925 2884 haec
939 2826 975 2883 ab
989 2824 1108 2882 Lati-ao

95 2901 141 2959 nis
154 2911 184 2958 et
195 2901 332 2958 Hernicis
345 2902 432 2978 legati
453 2903 633 2980 gratulatum
651 2907 688 2964 de
712 2905 870 2966 eoncordia
893 2906 1010 2963 Petrum
1031 2921 1068 2961 ac

94 2979 187 3056 plebis
203 2980 339 3038 Romam
362 2994 520 3054 venerunt3
542 2986 708 3061 donumque
729 2987 767 3045 ob
790 3005 856 3044 eam
869 2984 935 3044 ιῐονί
949 2982 1069 3060 Optimo

96 3057 227 3119 Maximo
240 3075 376 3116 coronam
391 3077 507 3119 auream
521 3064 552 3121 in
565 3065 741 3141 Capitolium
762 3065 854 3123 tulere
867 3064 946 3141 parvi
960 3063 1068 3140 ponde·

96 3137 144 3204 ris,
159 3147 244 3211 prout
256 3155 303 3194 res
316 3136 393 3193 haud
407 3138 548 3214 opulenta
561 3155 652 3216 erant,
668 3145 893 3220 colebanturque
913 3141 1069 3219 religiones

94 3215 142 3292 pie
167 3215 369 3292 magissquam
393 3219 556 3294 magnifice.
597 3223 706 3282 Iisdem
730 3223 897 3282 auctoribus
917 3221 1105 3298 cognitumaa

95 3304 149 3363 est,
161 3293 275 3384 ¹AEquos
287 3294 465 3386 ¹Volscosque
480 3300 594 3358 summi
606 3303 634 3358 vi
655 3303 762 3362 bellurn
776 3321 924 3380 apparare.
965 3300 1067 3375 Itaque

95 3383 195 3450 partiri
215 3391 377 3448 provincias
400 3378 534 3438 consules
555 3379 637 3454 jussi.
676 3382 799 3442 Horatio
823 3381 935 3454 Sabini,
950 3378 1068 3438 Valerio
1096 3417 1099 3422 -

97 3451 186 3528 AEqui
209 3452 365 3528 Volscique
388 3456 519 3513 evenere.
569 3455 674 3518 Quum
702 3461 739 3518 ad
760 3480 796 3520 ea
821 3461 898 3519 bella
921 3453 1067 3519 delectum
1137 3525 1140 3531 ¹

96 3531 264 3603 edixissent,
286 3532 382 3591 favore
402 3532 495 3608 plebis
515 3552 574 3591 non
591 3534 720 3610 juniores
743 3538 840 3612 modo,
862 3540 915 3598 sed
940 3537 1068 3597 emeritis

95 3611 184 3670 etiam
198 3611 357 3688 stipendiis,
372 3629 438 3687 pars
451 3628 558 3687 magna
570 3612 803 3688 voluntariorum,
815 3619 851 3677 ad
866 3619 986 3678 nomina
999 3617 1068 3674 dan·
1078 3631 1106 3672 tc

94 3688 134 3747 da
146 3700 249 3764 presto
262 3689 358 3747 fuere:
379 3688 472 3764 adque
495 3708 554 3747 non
578 3691 663 3767 copia
681 3695 778 3765 modo,
793 3698 845 3755 sed
858 3715 967 3774 genere
980 3693 1068 3753 etiam

96 3766 230 3840 militum,
254 3766 397 3826 veteranis
420 3766 564 3842 admixtis,
579 3767 686 3832 firmior
707 3774 853 3834 exercitus
866 3775 929 3836 filit.
971 3771 1068 3834 Prius·
