2520 4310
454 305 560 360 LIBER
575 306 648 360 XXI.
665 321 728 360 ese.
745 323 819 391 xmo..
844 291 847 298 ¹
1070 307 1128 369 187

156 454 173 484 ¹¹
184 449 252 509 victi
267 462 342 510 sunt.
384 451 461 510 Nam
486 453 602 528 dempto
615 454 672 511 hoc
685 472 745 530 uno
758 451 866 528 fulgore
879 451 1004 510 nominis
1018 451 1127 510 Roma·

156 531 228 599 “ni,
243 531 381 606 quidest,
402 532 509 589 cur-illi
534 533 614 591 vobis
638 531 823 608 comparendi
852 531 934 588 sinti
974 531 1013 588 Ut
1037 532 1127 608 vigin-

155 616 176 650 ‘⁶
186 609 208 666 ti
235 606 383 667 *annorum
411 611 541 668 militiam
575 621 698 674 vestram
731 630 798 668 curn
831 609 880 666 ills
912 610 1025 682 virtute,
1059 628 1126 668 cum

154 687 236 745 “ille
260 688 373 746 fortuna
395 701 526 760 taceum;
555 686 592 746 ab
612 689 750 761 Herculis
774 688 927 761 columnis,
951 689 988 744 ab
1008 689 1128 746 Oceano

131 774 175 819 δ’*
187 767 375 842 terminisque
397 769 505 827 ultimis
516 780 678 839 ,terrarum3
693 788 743 843 per
764 779 806 826 tot
820 767 1013 825 ferocissimos
1026 767 1131 843 Hispa·

155 848 175 878 “
185 843 242 903 niae
255 857 284 904 et
305 847 406 904 Gallice
430 848 559 923 populos,
573 849 724 926 vince-ntes
739 849 797 905 huc
810 847 999 923 pervenistis:
1020 864 1131 922 pugne·

156 932 175 962 ‘⁶
189 925 256 982 bitis
270 945 337 982 curn
351 928 480 984 exercitu
500 927 602 1000 tirone,
617 929 672 984 hac
689 927 749 1001 ipszi
763 937 861 984 estate
875 945 960 993 caeso,
975 925 1062 993 victo,
1076 925 1139 988 cin,

155 1010 334 1062 “cumsesso
355 1024 372 1062 a
393 1005 493 1077 Gallis,
507 1005 606 1080 ignoto
630 1006 726 1062 adhuc
750 1005 818 1062 duci
843 1024 904 1078 suo,
929 1003 1130 1080 ignorantique

153 1088 173 1116 “
185 1081 299 1139 ducem.
341 1083 391 1140 An
405 1103 462 1150 me,
474 1084 504 1141 in
519 1083 649 1158 praetorio
663 1083 761 1159 patris,
776 1083 927 1140 clarissimi
941 1082 1130 1158 imperatoris,

96 1231 98 1234 Ι
119 1169 142 1212 1⁰
154 1167 172 1196 “
184 1161 271 1237 prope
285 1171 397 1230 netum,
412 1161 491 1219 certe
503 1163 655 1231 eductum2
667 1163 836 1220 domitorem
852 1163 1002 1238 Hispaniae
1017 1162 1131 1220 Gallie·

152 1246 250 1314 “que,
272 1240 410 1298 victorem
437 1242 571 1299 eumdem
596 1261 653 1300 non
678 1242 851 1319 Alpinarum
874 1240 961 1299 modo
988 1241 1130 1318 gentium,

153 1325 172 1396 ἦ*
184 1319 235 1380 sed
251 1319 376 1394 ipsarum
393 1319 482 1396 (quod
505 1319 596 1381 multia
611 1321 704 1397 majus
724 1323 782 1400 est)
797 1321 928 1396 Alpium,
942 1340 1010 1378 cum
1024 1339 1131 1390 semes·

154 1397 222 1454 “tri
246 1399 302 1456 hoc
327 1399 474 1456 conferam
492 1400 579 1472 duce,
598 1400 743 1458 desertore
765 1400 910 1468 exercitiis
925 1401 990 1470 suil
1033 1379 1129 1456 (ἷῖιῖἶί

155 1483 174 1511 “
184 1475 258 1549 quis,
274 1477 396 1552 demptis
417 1474 517 1554 signis,
542 1479 646 1536 Poenos
659 1479 865 1552 Romanosque
886 1479 972 1537 hodie
985 1478 1128 1551 ostendat,

78 1593 81 1596 -
119 1557 173 1606 15“
184 1554 383 1630 ignoraturum
412 1567 523 1614 certum
549 1557 652 1624 habeo,
680 1557 771 1613 utriu's
797 1557 939 1621 exercitus
960 1558 997 1615 sit
1018 1557 1128 1616 consul.

155 1642 174 1669 ‘⁴
187 1633 258 1692 Non
272 1653 327 1710 ego
350 1634 420 1691 illud
442 1635 521 1710 parvi
546 1636 676 1707 aestimo,'
687 1635 803 1706 milites,
816 1637 892 1709 quod
906 1655 992 1694 nemo
1006 1638 1129 1694 vestrum

155 1720 174 1748 “
186 1722 241 1780 est,
254 1713 337 1788 cujus
351 1733 409 1771 non
424 1725 490 1771 ante
498 1714 598 1772 oculos
613 1715 673 1789 ipse
685 1733 761 1788 saepe
775 1713 897 1790 militare
907 1714 1019 1790 aliquod
1031 1714 1130 1772 edide·
1206 1787 1209 1794 Ι

155 1792 238 1848 “rim
254 1791 366 1849 lacinus
375 1813 383 1862 ;
405 1794 452 1850 cui
468 1813 526 1851 non
541 1793 617 1850 idern
632 1813 696 1870 ego,
711 1793 822 1856 virtutis
836 1803 977 1868 spectator
992 1812 1027 1850 ac
1039 1793 1129 1866 testis,

154 1873 284 1928 “notata
310 1873 486 1947 temporibus
509 1873 637 1947 locisque
671 1872 791 1930 referre·
804 1891 857 1928 sua
882 1873 989 1947 possim
1015 1873 1129 1931 decora.

114 1955 173 2016 *Μ
183 1949 262 2007 Cum
282 1950 407 2008 laudatis
421 1970 438 2008 a
453 1971 498 2008 me
513 1951 615 2008 millies
640 1952 819 2026 donatisque,
834 1951 967 2008 alumnus
980 1952 1057 2028 prids
1070 1969 1130 2008 om-

154 2032 173 2060 “
184 2029 267 2086 nium
294 2031 418 2088 vestrdrn
431 2029 518 2105 quarn
545 2031 707 2105 imperatur,
721 2031 878 2108 procedam
905 2032 967 2090 acie
995 2032 1131 2089 adversus

154 2107 299 2186 “ignotos
312 2109 386 2168 inter
400 2129 431 2167 se
445 2111 675 2187 ignorantesque.
784 2109 790 2122 “
843 2124 847 2130 ·

1079 2227 1091 2250 4

134 2284 136 2290 ’
190 2265 303 2326 XLIV.
326 2268 551 2346 “Qudcumque
587 2270 751 2329 circumtuli
784 2269 893 2337 oculos,
920 2269 1007 2344 plena
1032 2270 1131 2330 omnia

138 2349 171 2416 ‚f‘
181 2345 266 2402 video
285 2348 446 2405 animorum
470 2369 505 2406 ao
520 2350 644 2418 roboris3
666 2360 836 2406 veteranum
854 2349 999 2428 peditem&
1011 2367 1131 2424 genero-

118 2431 144 2472 25
154 2432 173 2458 ‘⁵
185 2422 364 2480 sissimarum
385 2427 515 2500 gentium
530 2427 640 2499 equites
661 2422 786 2483 frenatos
800 2438 829 2483 et
843 2419 1009 2495 irilienatoS‚
1024 2447 1073 2485 vos
1087 2447 1132 2486 so-

82 2539 85 2544 ·
155 2504 173 2533 “
186 2501 249 2559 cios
262 2501 443 2559 fidelissimos
457 2504 690 2577 fortissimosque,
705 2523 755 2560 vos
769 2505 1033 2580 Carthaginienses
1042 2525 1131 2579 quum

155 2589 174 2616 ‘⁴
186 2581 224 2638 ob
237 2581 371 2658 patriam,
382 2591 442 2638 turn
456 2581 494 2638 ob
508 2582 579 2637 iram
590 2581 787 2656 justissimam,
801 2598 986 2656 pugnaturos.
1029 2583 1133 2641 Inseri-

133 2707 136 2710 .
155 2669 174 2696 ‘⁴
186 2678 253 2716 mus
274 2659 392 2731 bellum,
416 2659 584 2734 infestisque
607 2659 697 2735 signis
723 2659 927 2716 descendimus
953 2661 984 2716 in
1006 2659 1133 2732 Italiam}

155 2737 267 2797 “tantd
290 2740 427 2796 audacius
449 2739 604 2813 fortiusque
622 2739 787 2824 pugnaturi,
815 2737 922 2813 quanto
945 2739 1036 2814 majos
1054 2760 1129 2816 spes,

122 2821 173 2876 ω’*
186 2818 276 2895 major
290 2830 334 2876 est
348 2819 461 2876 animus
475 2817 625 2876 inserentis
640 2819 706 2890 vim,
721 2818 806 2892 quim
822 2819 954 2875 arcentis.
984 2819 1144 2880 Accendit

156 2901 174 2930 “
185 2907 326 2974 praejterea
346 2899 457 2960 animos
478 2909 507 2954 et
521 2899 648 2956 stimulat
662 2898 751 2970 dolor,
766 2897 880 2974 injuria,
896 2898 1071 2976 indignitas:
1093 2902 1130 2959 ad

156 2977 361 3052 “supplicium
382 2979 611 3052 depoposcerunt
631 2997 678 3034 me
693 2977 797 3034 ducem
812 2977 946 3052 primurn,
961 2980 1067 3038 deinde
1080 3000 1130 3041 vos

157 3058 176 3087 “
184 3057 358 3133 omnes,-qui
384 3058 545 3132 Saguntum
560 3057 796 3133 oppugndsselis:
818 3057 929 3120 deditos
944 3059 1051 3118 ultimis
1065 3080 1130 3118 cru·

130 3202 132 3204 ¹
157 3134 312 3193 “ciatibus
337 3137 467 3194 affecturi
489 3136 613 3194 fuerunt.
656 3136 912 3195 Crudelissimaac
926 3140 1143 3214 superbissima¹

123 3231 148 3273 as
158 3224 176 3251 ‘⁴
187 3233 260 3292 gens
274 3235 326 3274 sua
339 3217 436 3274 omnia
450 3217 550 3291 suique
562 3216 671 3274 arbitrii
685 3216 763 3273 facit.
790 3221 791 3224 ’
805 3217 883 3274 Cum
896 3219 1000 3295 quibus
1011 3220 1129 3287 bellum,

157 3297 175 3326 “
187 3306 255 3352 curn
269 3296 372 3369 quibus
385 3315 488 3371 pacem
500 3297 667 3367 habeamus,
679 3315 709 3352 se
724 3295 841 3358 modum
855 3296 1002 3372 imponere
1017 3317 1130 3373 aequum

159 3382 177 3426 t‘
190 3384 309 3429 censet:
331 3374 542 3431 circumscribit
567 3375 745 3449 includitque
768 3395 820 3432 nos
844 3377 974 3433 terminis
988 3376 1129 3438 montium

69 3441 74 3475 ¹
158 3454 177 3484 “
189 3449 406 3532 fluminumque,
431 3471 503 3526 quos
526 3472 563 3510 ne
585 3455 779 3523 excedamus3
801 3473 895 3529 neque
918 3475 977 3526 eos,
991 3462 1130 3529 quosste·

158 3533 178 3564 “
189 3529 253 3596 tuit,
267 3530 404 3587 terminos
416 3530 555 3588 observat.
598 3533 664 3590 ‘Ne
688 3533 834 3591 transieris
855 3534 988 3590 Iberum:
1010 3531 1129 3604 nequid

124 3625 149 3666 rt
159 3617 178 3644 ‘⁸
189 3616 197 3644 ⁶
208 3607 250 3665 rei
264 3607 316 3664 tibi
331 3609 367 3667 sit
390 3629 457 3666 curn
478 3609 654 3686 Saguntinis.
695 3610 748 3672 Ad'
758 3613 876 3669 Iberum
890 3622 933 3668 est
947 3611 1128 3683 Saguntum:

158 3695 177 3723 “
188 3695 197 3722 ‘
208 3681 349 3762 nusquam
363 3698 391 3747 te
406 3689 524 3766 vestigio
539 3692 678 3748 moveris)
720 3690 842 3747 ‘Parum
858 3699 910 3755 est,
925 3685 1001 3760 quod
1015 3687 1129 3744 veterri-

158 3767 195 3799 “‘
206 3785 268 3826 mas
280 3767 442 3846 provincias
454 3788 534 3828 meas
549 3770 679 3830 Siciliam
692 3767 897 3852 etSardiniam
911 3765 1030 3824 adimis:
1042 3765 1129 3832 etiam
