2556 4314
443 334 448 343 .
531 283 635 338 LIBER
652 289 673 351 Ι.
689 301 750 338 cur.
767 299 844 336 xxxx.
1136 284 1177 344 29

197 435 218 463 ‘¹
229 437 330 508 arguo,
343 430 473 488 omnium
486 431 667 488 Albanorum
680 441 741 488 est:
762 431 868 489 ducem
882 429 973 487 secuti
991 438 1074 502 suntj
1083 445 1086 448 ·
1096 437 1128 486 ut
1141 438 1172 486 et

199 519 292 584 “‚vos,
308 511 332 566 si
346 509 404 584 qud
415 517 470 586 eg'o
484 510 553 566 inde
567 529 672 585 agmen
686 510 831 566 declinare
845 508 1006 574 voluissem,
1020 507 1170 564 fecissetis.

199 583 344 649 “Mettus
365 589 413 646 ille
438 600 482 646 est
501 590 602 646 ductor
620 589 732 645 itineris
749 588 844 663 hujus,
857 585 966 644 Mettus
986 587 1062 644 idem
1085 585 1172 662 hujus

199 668 408 724 “machinator
420 667 497 739 belli,
507 667 616 724 Mettus
627 667 743 724 foederis
751 666 879 724 Romani
893 665 1056 738 Albanique
1065 676 1169 740 ruptor.

175 749 220 799 δ’*
233 747 350 802 Audeat
363 746 551 818 deindetalia
572 746 656 818 alius,
669 745 725 803 nisi
749 745 779 802 in
794 746 873 802 hunc
887 744 1001 826 insigne
1012 743 1072 819 jam
1086 745 1173 800 docu·
1198 793 1203 804 .

85 817 89 830 ‘
203 833 364 881 “mentum
387 825 554 882 mortalibus
577 825 714 881 dedero.”
764 823 958 881 Centuriones
982 823 1082 880 armati
1099 821 1173 879 Met-

201 913 263 959 tum
290 902 526 960 circumsistunt:
560 922 611 960 rex
639 913 753 975 caetera,
777 914 813 960 ut
838 921 921 960 orsus
947 913 1019 974 erat,
1052 901 1171 978 peragit.

202 980 322 1042 “Quod
348 980 464 1052 bonurn,
492 982 626 1053 faustum,
651 982 775 1055 felixque
797 981 833 1038 sit
854 981 959 1056 populo
981 981 1118 1039 Romano
1139 999 1175 1037 ac

175 1059 313 1125 ·“mihi‚
333 1057 484 1133 ⁴vobisque,
506 1059 631 1129 Albani;
652 1061 789 1135 populum
812 1079 928 1117 omnem
950 1059 1099 1118 Albanum
1113 1058 1175 1116 Ro·

167 1153 191 1192 io
202 1147 221 1186 ‘t
233 1155 309 1194 mam
323 1138 474 1194 traducere
496 1137 527 1194 in
549 1138 645 1196 animo
668 1148 731 1208 est;
753 1139 898 1196 civitatem
919 1139 987 1196 dare
1001 1138 1097 1214 plebi3
1119 1137 1175 1213 pri·

203 1226 222 1252 “
234 1235 327 1273 mores
341 1216 371 1272 in
386 1216 486 1273 Patres
499 1215 612 1290 legere;
635 1236 723 1273 unam
737 1218 849 1289 urbem,
864 1236 952 1274 unam
966 1216 1175 1291 rempublicam

166 1343 175 1358 ,
203 1299 221 1326 “
234 1294 337 1357 facere.
379 1295 419 1352 Ut
431 1314 468 1352 ex
479 1288 539 1351 rino
552 1296 697 1369 quondam
711 1296 742 1359 in
756 1297 828 1352 duos
840 1297 960 1371 populos
974 1296 1066 1352 divisa
1086 1295 1176 1352 Alba-

204 1383 331 1429 “nares
345 1384 398 1446 est,
413 1374 455 1430 sic
478 1393 559 1430 nunc
580 1374 609 1430 in
631 1393 722 1430 unum
743 1375 872 1442 redeat?
913 1375 963 1431 Ad
983 1375 1045 1432 haec
1060 1375 1177 1432 Albana

202 1451 304 1527 pubes,
318 1452 437 1508 inermis
451 1452 487 1508 ab
501 1453 617 1509 armatis
631 1463 721 1527 septa,
735 1452 765 1526 in
780 1453 865 1510 variis
879 1453 1081 1520 voluntatibus,
1097 1472 1176 1510 corn·

167 1531 286 1587 emunt
306 1541 405 1587 tamen
423 1542 506 1593 metu
524 1540 656 1605 cogente,
671 1531 817 1587 silentium
837 1541 925 1587 tenet
967 1531 1046 1589 Tum
1061 1532 1177 1604 Tullus,

206 1614 225 1639 “
239 1607 331 1664 Mette
355 1608 493 1680 Fuffeti,'’
507 1609 610 1682 inquit,
633 1613 650 1640 “
663 1609 687 1664 si
701 1609 762 1682 ipse
784 1609 896 1665 discere
920 1628 1018 1682 posses
1042 1610 1129 1666 fidem
1143 1628 1178 1667 ac

206 1691 226 1718 “
239 1687 348 1743 foedera
362 1706 485 1758 servare,
499 1687 562 1744 vivo
575 1685 626 1742 tibi
641 1705 676 1742 aa
689 1687 842 1760 disciplina
861 1705 879 1742 a
892 1705 938 1742 me
953 1687 1081 1744 adhibita
1094 1698 1178 1745 esset.

205 1769 224 1796 “
236 1763 338 1831 Nunc,
362 1760 498 1838 quoniam
520 1776 600 1822 tuum
622 1763 783 1822 insanabile
804 1764 954 1840 ingenium
969 1780 1021 1832 est,
1036 1776 1065 1833 at
1086 1776 1179 1824 tutuo

106 1845 110 1852 '
205 1843 376 1917 “supplicio
400 1845 474 1900 doce
498 1844 655 1900 humanum
669 1857 763 1918 genus
782 1862 817 1900 ea
830 1854 932 1900 sancta
942 1844 1071 1917 credere,
1085 1863 1149 1919 quae
1163 1865 1180 1902 a

167 1932 226 1988 eot‘
238 1931 266 1989 te
281 1922 384 1979 violata
398 1931 474 1978 sunt.
516 1921 553 1980 Ut
574 1922 661 1997 igitur
682 1921 767 1996 pauld
782 1921 847 1978 ante*
862 1922 990 1978 animum
1005 1923 1079 1981 inter
1093 1923 1179 1982 Fide-

206 2010 226 2036 “
239 2011 335 2057 uatem
349 2001 569 2074 Romanamque
593 2020 655 2057 rem
676 2000 832 2074 ancipitem
853 2001 977 2076 gessisti,
991 2001 1032 2058 ita
1042 2002 1102 2077 jam
1116 2021 1179 2061 cor·

207 2079 419 2154 “puspassim
441 2079 659 2148 distrahendum
681 2078 802 2146 dabis&
844 2079 969 2146 Exinde,
994 2081 1107 2138 duabus
1132 2083 1180 2138 ad·

206 2158 292 2216 motis
306 2157 462 2232 quadrigis,
476 2157 507 2214 iu
522 2177 623 2215 currus
643 2177 743 2216 earum
757 2158 914 2215 distentum
929 2159 1021 2234 illigat
1035 2160 1159 2217 Mettum
1173 2181 1179 2217 :
1247 2189 1250 2197 ¹

206 2237 312 2298 deinde
325 2237 355 2294 in
378 2237 524 2292 diversum
538 2237 592 2294 iter
613 2237 679 2310 eqni
700 2237 848 2303 concitati,
863 2237 992 2294 lacerum
1016 2239 1047 2294 in
1061 2249 1181 2314 utroque

171 2331 293 2372 aecurru
316 2312 430 2389 corpus,
451 2315 507 2388 quat
530 2315 704 2371 inhaeserant
725 2315 848 2372 vinculis
863 2315 1179 2392 membra‚·portantes.

151 2427 155 2435 ‚
207 2387 345 2452 Avertere
369 2412 471 2467 omnes
493 2412 510 2448 a
530 2394 611 2449 tanta
636 2392 763 2462 foeditate
788 2394 947 2467 spectaculi
970 2396 1079 2453 oculos.
1121 2395 1182 2452 Pri-

205 2491 283 2530 mum
297 2473 487 2544 ultimumque
509 2471 580 2526 illud
604 2471 776 2544 supplicium
798 2471 874 2544 apud
893 2472 1043 2529 Romanos
1057 2475 1181 2548 exempli

205 2571 305 2626 parurn
328 2543 466 2608 memoris
489 2548 587 2624 legum
609 2549 800 2604 humanarum
825 2548 894 2604 fuit:
926 2549 957 2604 in
982 2550 1045 2606 aliis
1066 2551 1181 2634 gloriari

26 2633 29 2647 '
108 2683 112 2688 ,
205 2630 282 2699 licet,
297 2627 517 2706 nulligentium
531 2626 658 2685 mitiores
678 2625 820 2700 placuisse
834 2643 943 2702 poenas.
981 2632 1025 2697 b*

108 2791 126 2826 'f'
170 2802 197 2842 so
245 2790 364 2848 XXIX.
385 2790 467 2847 Inter
481 2789 544 2846 haec
555 2787 615 2865 jam
628 2785 767 2862 praemissi
782 2785 889 2844 Albam
903 2798 985 2859 erant
998 2790 1118 2864 equites,
1133 2794 1182 2867 qui

207 2869 419 2926 multitudinem
433 2868 620 2925 traducerent
630 2867 764 2923 Romam.
806 2865 950 2942 Legiones
961 2868 1071 2926 deinde
1086 2870 1182 2930 ductae

170 2948 244 3004 *ad
258 2947 429 3004 diruendam
443 2947 552 3004 urbem.
593 2945 670 3006 Quae
692 2944 905 3002 ubivintravere
928 2957 1034 3023 portas,
1049 2950 1182 3024 nonlqui·

186 3072 192 3083 .
207 3027 276 3080 dem
290 3024 344 3081 fuit
357 3021 495 3082 turnultus
508 3026 566 3098 ille,
585 3044 641 3082 nec
664 3043 760 3099 pavor,
774 3024 867 3098 qualis
888 3036 1036 3100 captarum
1058 3045 1123 3084 esse
1136 3048 1182 3088 ur·

178 3091 289 3167 ibium
310 3103 401 3172 solet3
432 3123 531 3178 quum,
552 3103 678 3160 effractis
701 3103 799 3178 portis,
815 3103 944 3160 stratisve
967 3105 1055 3162 ariete
1080 3108 1180 3181 muris,

113 3241 115 3245 ,
172 3211 193 3250 ,a
207 3192 256 3240 aut
271 3201 337 3241 arce
352 3183 379 3240 vi
393 3185 486 3258 captat,
501 3184 609 3241 clamor
621 3182 733 3241 hostilis
745 3183 775 3238 et
796 3201 897 3265 cursus
910 3201 961 3256 per
975 3184 1075 3240 urbem
1091 3205 1182 3244 arma·

173 3250 299 3333 “iterum
323 3263 422 3320 omnia
442 3262 524 3320 ferro.
537 3261 707 3336 flammaque
723 3261 826 3320 miscet
839 3280 850 3316 :·
867 3261 921 3316 sed
940 3261 1086 3326 silentium
1100 3266 1181 3324 triste

171 3346 241 3412 §ac
255 3340 345 3398 tacita
358 3340 494 3398 moestitia
507 3341 547 3398 ita
570 3341 670 3398 defixit
693 3339 822 3398 omnium
837 3339 958 3410 animos,
973 3351 1014 3412 ut,
1029 3360 1088 3415 prae
1102 3354 1181 3401 metu

203 3419 297 3492 obliti,
311 3418 381 3494 quid
394 3418 597 3493 relinquerent,
610 3419 679 3494 quid
693 3437 792 3476 secum
807 3418 923 3489 ferrent,
937 3417 1092 3476 deficiente
1113 3439 1181 3477 con-
1197 3439 1205 3472 .·

205 3497 280 3564 silio,
291 3498 503 3573 rogitantesque
517 3499 565 3555 alii
579 3498 659 3566 alios,
668 3517 748 3555 nunc
762 3497 791 3553 in
806 3495 954 3552 liminibus
968 3505 1085 3564 starent,
1100 3514 1182 3554 nunc

171 3575 362 3642 narrabundi
386 3577 487 3636 domos
500 3587 576 3645 ruas,
598 3577 730 3635 ultimum
752 3575 822 3631 illud
836 3573 934 3644 visuri,
948 3583 1180 3646 pervagarentur.

114 3701 117 3707 .
205 3655 245 3714 Ut
259 3652 329 3728 verd¹
349 3656 413 3732 jam
433 3655 561 3730 equitum
580 3656 687 3712 clamor
706 3654 785 3710 exire
796 3649 960 3726 jubentium
974 3644 1108 3729 instabat,
1118 3647 1180 3730 jam

205 3733 300 3812 fragor
324 3745 564 3809 tectorumque
591 3733 789 3796 diruebantur,
813 3724 922 3788 ultimis
948 3721 1026 3777 urbis
1052 3721 1181 3788 partibus

566 3811 604 3872 3*
713 3821 725 3845 s
