2520 4310
489 307 597 360 LIBER
612 305 721 363 XXVII.
738 309 802 362 cna.
818 321 874 362 aar.
1108 315 1167 376 221

157 513 159 520 ‚
175 515 177 519 ¹
194 445 273 505 cives
286 443 329 504 M.
343 445 468 522 Livium,
483 449 519 506 ad
533 449 640 508 bellum
653 451 895 526 proficiscentem,
905 452 1037 511 monenti
1049 449 1091 516 Q.
1112 453 1168 514 Fa·
1257 457 1258 480 ¹

193 524 254 598 bio,
268 543 316 598 ne,
330 525 495 601 priusquam
509 529 740 603 genus‘hostium
752 531 914 605 cognbsset,
925 530 1032 589 temere
1047 550 1166 594 manum

192 614 368 677 consereret,
389 606 590 680 respondisse:
625 619 627 626 ’
644 607 732 665 “Ubi
758 606 883 684 primdm
909 609 1047 672 hostium'
1060 615 1165 686 agmen

193 688 214 717 “
226 683 432 756 conspexisset,
445 686 668 759 pugnaturum.''
708 684 811 747 Quum
825 696 1009 760 quareretur,
1022 705 1086 761 quae
1099 707 1166 747 cau·

168 774 226 816 ssa
247 759 403 818 festinandi
423 763 519 818 essetl
570 762 660 820 “Aut
684 781 721 820 ex
741 763 823 820 hoste
847 764 995 840 egregiam
1013 765 1164 841 gloriam,'’

192 835 296 911 inquit,
312 848 331 875 “
343 849 392 896 aut
414 857 452 897 ex
472 839 583 897 civibus
601 839 684 899 victis
698 841 846 916 gaudium,
861 841 995 899 meritum
1008 844 1097 916 certe,
1111 844 1165 904 etsi
1255 904 1256 911 ,

192 921 283 973 “non
297 916 459 985 honestum,
473 917 625 992 capiamfl',
657 917 828 993 Priusquam
851 919 992 978 Claudius
1015 922 1115 980 consul
1134 921 1165 981 in
1255 991 1256 996 ἵ

189 993 368 1066 provinciam
384 996 565 1070 perveniret,
589 1013 641 1071 per
664 1005 824 1060 extremum
845 996 933 1053 fmem
947 998 1008 1073 agri
1022 997 1166 1058 Larinatis

190 1069 347 1128 ducentem
369 1073 399 1129 in
425 1073 600 1130 Sallentinos
623 1073 782 1130 exercitum
807 1073 1004 1131 Hannibalem
1027 1093 1097 1133 curn
1117 1095 1166 1136 ex·
1218 1117 1224 1123 -
1256 1108 1257 1115 κ

154 1147 294 1223 inpeditis
324 1149 490 1207 cohortibus
522 1151 647 1224 adortus,
668 1150 710 1207 0.
725 1151 867 1208 Hostilius
893 1151 1030 1210 Tubulus
1054 1154 1165 1213 inccm·
1224 1187 1227 1192 ·

187 1225 280 1300 posito
293 1226 401 1302 agmini
415 1227 571 1285 terribilem
585 1228 741 1285 tumultum
749 1229 846 1286 intulit
858 1249 865 1285 ε
887 1230 924 1294 ad
937 1240 1058 1305 quatuor
1072 1232 1164 1292 millia

188 1301 337 1361 hominum
352 1305 470 1377 occidit,
494 1321 597 1363 novem
611 1305 695 1380 signa
706 1307 842 1366 militaria
855 1307 941 1382 cepit.
983 1307 1113 1368 Moverat
1127 1329 1165 1368 ex

188 1379 318 1438 hibernis
332 1383 369 1438 ad
393 1383 499 1438 lamam
522 1382 612 1439 hostis
635 1383 676 1443 Q.
690 1383 841 1452 Claudius,
863 1385 913 1460 qui
936 1403 987 1460 per
1001 1385 1088 1444 urbes
1101 1389 1164 1464 agri

190 1457 345 1515 Sallentini
358 1469 452 1516 castra
465 1459 603 1533 disposita
616 1460 749 1530 habebat.
782 1462 903 1535 ltaque,
917 1481 954 1520 ne
968 1482 1037 1520 cum
1051 1465 1164 1524 duobus

154 1544 179 1587 1⁵
189 1536 365 1593 exercitibus
378 1536 463 1593 simul
477 1536 655 1612 confligeret,
676 1537 824 1598 Hannibal
838 1549 923 1596 nocte
936 1548 1031 1616 eastra
1044 1561 1081 1600 ex
1094 1562 1164 1620 agro
1257 1555 1258 1564 ¹

188 1612 352 1672 Tarentino
365 1615 464 1686 movit,
487 1624 571 1688 atque
593 1614 623 1670 in
644 1614 937 1682 Bruttiosconcessit.
979 1617 1118 1678 Claudius
1131 1622 1162 1680 iu

188 1690 365 1750 Sallentinos
391 1689 495 1768 ag'men
522 1691 671 1749 convertit.
713 1693 865 1766 Hostilius,
893 1693 1025 1768 Capuam
1050 1707 1162 1772 petens,

187 1769 290 1827 obvius
311 1771 348 1827 ad
372 1769 532 1826 Venusiam
557 1768 589 1827 fit
611 1769 724 1827 consuli
749 1771 882 1828 Claudio.
924 1771 971 1827 Ibi
992 1790 1029 1828 ex
1042 1783 1161 1849 utroque
1242 1794 1247 1802 ’

187 1847 318 1905 exercitu
342 1847 436 1904 electa
458 1847 588 1922 peditum
613 1848 804 1923 quadraginta
824 1848 924 1920 millia,
948 1848 1006 1906 duo
1029 1850 1119 1909 millia
1132 1864 1162 1912 et

151 1935 178 1976 ao
188 1925 338 2001 quingenti
362 1926 483 2000 equites,
498 1925 602 1999 quibus
624 1925 726 1982 consul
740 1927 877 1983 adversus
891 1926 1087 1985 Hannibalem
1100 1948 1162 1990 rem

187 2013 316 2077 gereret:
338 2003 472 2077 reliquias
495 2003 593 2076 copias
617 2001 759 2063 Hostilius
782 2003 913 2082 Capuam
935 2005 1042 2064 ducere
1053 2005 1161 2083 jussus,

188 2089 220 2138 ut
234 2080 275 2143 Q.
290 2079 393 2143 Fulvio
405 2080 569 2157 proconsuli
590 2080 777 2228 traderet>p

80 2249 121 2381 >l
225 2237 307 2298 XLI.
329 2239 488 2315 Hannibal,
509 2241 636 2317 undique
650 2229 799 2300 contracto
812 2229 950 2315 exercitu,
972 2262 1058 2318 quem
1071 2243 1102 2301 in
1116 2244 1159 2302 hi-

185 2315 282 2375 bernis
296 2315 345 2376 aut
358 2320 388 2376 in
402 2320 542 2393 praesidiis
556 2321 617 2394 agri
631 2320 735 2377 Bruttii
759 2321 909 2388 habuerat,
927 2321 958 2378 in
972 2321 1107 2380 Lucanos
1122 2323 1159 2384 ad

150 2393 377 2451 adrumentum
391 2396 478 2465 venit,
492 2416 541 2470 spe
555 2397 715 2472 recipiendi
728 2397 841 2470 oppida,
855 2417 920 2470 quae
933 2417 984 2472 per
997 2409 1107 2457 metum
1121 2401 1158 2458 ad

185 2469 335 2528 Romanos
356 2471 538 2530 defecissent.
579 2471 691 2528 Eddem
707 2491 724 2528 a
742 2473 875 2530 Venusia
888 2473 990 2531 consul
1004 2475 1158 2534 Romanus

185 2547 338 2632 eaplgtratis
361 2549 512 2606 itineribus
535 2549 703 2622 contendit3
723 2559 753 2606 et
776 2550 853 2606 mille
868 2549 929 2606 fere
943 2561 972 2606 et
983 2552 1158 2626 ¹quingentos

176 2644 286 2700 ‚passus
301 2636 402 2684 castra.
412 2627 449 2682 ab
463 2627 543 2683 hoste
557 2625 641 2683 locat.
682 2626 835 2683 Grumenti
856 2621 999 2683 moenibus
1012 2629 1100 2702 prope
1114 2630 1158 2688 in·
1185 2629 1189 2637 '

182 2704 317 2780 junctum
338 2705 488 2762 videbatur
511 2703 667 2762 Poenorum
690 2701 813 2760 vallum:
834 2702 984 2778 quingenti
997 2723 1099 2779 passus
1114 2707 1158 2765 in·

151 2797 177 2838 ao
186 2771 318 2841 teierant
360 2782 464 2839 Castra
477 2781 590 2852 Punica
604 2801 638 2845 ac
649 2780 785 2839 Romana
805 2781 879 2838 inter
889 2781 1005 2856 jacebat
1017 2800 1156 2859 campus3

64 2854 69 2865 “
185 2861 274 2918 colles
296 2861 488 2918 imminebant
513 2861 585 2917 nudi
609 2859 724 2916 sinistro
752 2858 834 2918 lateri
862 2858 1156 2940 Carthaginiensium,

185 2937 286 2996 dextro
299 2938 509 3005 Romanorum,
523 2937 634 3014 neutris
647 2936 782 3012 suspecti,
796 2933 872 3011 quud
886 2937 957 2994 nihil
971 2939 1048 2996 silvae
1061 2957 1156 3017 neque

185 3016 222 3073 ad
236 3015 356 3073 insidias
377 3003 551 3086 latebrarum
569 3014 723 3074 habebant.
765 3012 802 3071 In
815 3015 910 3072 medio
924 3033 1036 3092 campo,
1051 3018 1087 3076 ab
1101 3031 1157 3078 sta·
1257 3067 1258 3080 t

185 3093 311 3152 tionibus
334 3104 546 3170 procursantes,
570 3093 739 3164 certamina,
760 3092 837 3149 haud
859 3093 927 3150 satis
948 3095 1038 3170 digna
1064 3098 1156 3169 dictu,
1257 3129 1258 3154 ³

149 3171 326 3232 aserebant
367 3153 502 3230 Id‘moda
526 3171 695 3248 Romanum
708 3187 835 3244 quaerere
849 3172 1011 3247 apparebat,
1025 3191 1063 3232 ne
1077 3177 1157 3235 abire

183 3250 294 3308 hostem
314 3261 469 3324 pateretur.
520 3248 678 3316 Hannibal,
703 3249 771 3306 inde
795 3249 916 3326 evadere
937 3251 1067 3325 cupiens,
1090 3255 1156 3310 totis

167 3327 292 3384 'viribus
305 3327 336 3383 in
349 3320 443 3384 ac'iem
466 3327 670 3384 descendebat.
711 3326 791 3383 Tum
806 3325 917 3400 consul,
934 3327 1052 3402 ingenio
1066 3329 1155 3386 hostis

184 3422 263 3472 usus,
277 3404 334 3478 qud
347 3404 444 3460 minus
457 3403 488 3460 in
511 3413 570 3460 tam
585 3403 689 3478 apertis
702 3404 823 3461 collibus
843 3404 940 3462 timeri
952 3403 1063 3460 insidia
1076 3415 1156 3478 pote-

67 3545 69 3551 ,
183 3493 257 3553 rant,
284 3480 410 3556 quinque
433 3481 574 3548 cohortes,
597 3481 701 3538 additis
725 3482 850 3556 quinque
876 3480 1040 3567 manipulis,
1068 3492 1154 3541 nocte
1256 3541 1258 3552 ,

149 3585 176 3628 to
181 3559 286 3638 jugum
299 3576 443 3635 superare,
458 3569 488 3616 et
500 3559 531 3616 in
545 3559 651 3626 aversis
664 3559 784 3618 vallibus
804 3559 953 3617 considere
964 3555 1063 3630 Jubet:
1084 3567 1156 3616 tem·

32 3633 47 3652 ''
175 3655 238 3714 ,pus
251 3637 423 3712 exsurgendi
437 3655 474 3694 ex
486 3629 608 3710 iu'sidiis,
622 3647 651 3711 et
664 3635 851 3714 aggrediendi
869 3637 990 3722 hostem,
1004 3631 1054 3689 Ti.
1069 3634 1158 3694 Olau-

183 3713 265 3778 diurn
279 3715 413 3776 Asellum
425 3715 571 3776 tribunum
585 3716 709 3776 militum
729 3725 758 3774 et
771 3714 804 3772 P.
819 3711 979 3786 Claudium·
987 3711 1155 3788 prefectum

542 3793 597 3852 19·
