2520 4310
86 283 147 346 m
485 277 557 330 ‘nm
573 255 667 332 mma
740 329 742 333 ,

84 423 181 492 frans,
195 423 272 482 inter
282 418 397 480 mitiora
416 417 476 497 jam
490 417 640 477 bominum
660 415 800 476 transibat
813 415 943 494 ingenia.
983 418 1064 482 Invi·

84 501 162 562 dati
176 518 304 575 namque
324 508 411 556 autea
428 497 608 573 alienigenis,
623 510 679 554 nec
693 495 790 554 videre
804 495 859 570 ipsi
873 497 1016 558 advenam
1029 501 1062 562 in

83 580 225 640 subterra
245 575 361 648 assueti,
374 575 454 636 omui
477 575 577 652 generi
601 574 728 632 humano
749 573 935 634 insociabiles
959 589 1061 637 erant:

83 667 114 718 et
133 655 227 734 primd
250 655 354 734 ignari,
377 654 434 734 qud
460 653 568 712 Poenus
588 661 731 729 pergeret,
755 671 823 710 suas
846 661 933 729 rupes
952 674 1063 732 suaque

83 735 210 806 castella,
233 744 264 793 et
291 729 429 810 pecorum
460 732 667 807 hominumque
690 731 817 807 praedam
840 733 901 807 peti
928 735 1098 794 credide-s

82 824 163 873 rant:
185 813 262 870 fama
282 811 388 871 deinde
409 811 514 870 Punici
536 811 613 882 belli,
637 827 693 885 quo
717 809 924 869 duodecimum
949 829 1060 876 annum

82 891 167 951 Italia
180 890 420 966 urebatuasatis
443 891 609 963 edocuerat,
630 889 706 946 riam
728 885 840 946 t'antdm
863 889 957 965 Alpes
976 911 1059 954 esser

80 971 154 1031 duas
166 969 334 1046 praevalidas
357 969 453 1041 urbes,
475 988 581 1045 magno
604 968 680 1026 iuter
703 984 734 1024 se
748 966 835 1026 maris
859 977 1060 1046 terrarumque

81 1048 174 1126 spatio
194 1049 344 1121 discretas,
368 1049 405 1106 de
425 1047 546 1124 imperio
567 1056 597 1104 et
611 1045 714 1122 opibus
727 1055 848 1104 certare.
888 1047 945 1106 Hae
959 1067 1057 1108 causae

80 1135 252 1202 aperuerant
274 1126 367 1203 Alpes
393 1125 580 1184 Hasdrubali.
630 1122 787 1192 Galerium,
809 1124 885 1200 quod
906 1125 1094 1186 celeritatem

80 1203 191 1263 itineris
204 1203 365 1280 profectum
377 1214 448 1273 erat,
470 1203 500 1261 id
514 1222 594 1262 mora
607 1203 643 1260 ad
657 1202 848 1276 Placentiam,
868 1203 936 1262 dum
951 1204 1057 1266 trustra
1071 1246 1075 1252 -

78 1281 193 1342 obsidet
204 1283 298 1359 magis
318 1283 405 1358 quam
427 1293 582 1359 oppugnat,
603 1282 743 1366 ¹chu-pit.
785 1281 957 1340 Crediderat
977 1301 1058 1344 cam·
1101 1307 1108 1316 ’

78 1360 181 1496 pestris
193 1361 291 1437 oppidi
305 1361 420 1420 facilem
438 1360 683 1437 expugnationem
707 1379 787 1418 esse:
809 1370 839 1419 et
859 1361 996 1420 nobilitas
1009 1380 1058 1422 co·

89 1437 163 1497 oniae
176 1439 332 1498 induxerat
354 1459 432 1509 eum,
446 1457 585 1515 magnum
608 1457 640 1496 se
653 1438 783 1498 exscidia
796 1439 859 1516 ejus
873 1439 955 1498 urbis
967 1449 1057 1510 terro·

78 1534 141 1576 rena
154 1519 267 1578 ceteris
288 1528 382 1577 ratum
406 1519 591 1594 injecturum.
630 1517 700 1576 Non
723 1517 818 1594 ipsum
830 1518 934 1578 solum
958 1537 994 1578 ea
1006 1534 1093 1596 op-ta

77 1597 217 1674 pugnatio
240 1597 390 1673 impediit;
411 1597 462 1654 sed
486 1595 693 1664 Hannibalem,
714 1606 779 1671 post
792 1596 899 1656 lamam
919 1597 1056 1658 transilias

77 1673 235 1751 ejurante
259 1694 309 1751 spe
332 1675 386 1734 sui
409 1674 587 1749 celeriorem,
605 1675 665 1751 jam
678 1685 843 1734 moventem
856 1696 894 1735 ex
914 1676 1055 1752 hibernis,

77 1752 280 1824 continuarem
300 1753 405 1832 quippe
425 1764 617 1832 reputantem,
630 1772 690 1814 non
703 1753 803 1813 -solrim
815 1755 900 1831 quim
914 1755 993 1814 lenta
1006 1773 1054 1814 ur·

78 1831 159 1890 bium
172 1829 348 1910 oppugnatio
361 1843 446 1906 esset,
460 1834 512 1891 sed
525 1833 612 1904 etiam
625 1832 713 1908 quam
726 1833 788 1911 ipse
802 1834 905 1895 frustra
917 1835 1050 1894 eamdem

77 1908 156 1969 illam
170 1911 323 1987 coloniam,
337 1913 374 1971 ab
388 1911 499 1972 Trebia
512 1913 602 1972 victor
615 1931 773 1989 regressus,
786 1915 934 1973 tentasset.
1060 1932 1090 1976 aa
1176 1925 1180 1936 '
1247 1947 1248 1958 ,

115 2065 182 2148 XL.
203 2067 356 2148 Consules,
369 2069 490 2133 diversis
513 2069 666 2133 itineribus
685 2063 805 2150 proiecti
819 2072 856 2132 ab
870 2072 960 2147 Urbe,
976 2072 1053 2133 velut

76 2154 107 2214 in
121 2154 180 2213 duo
192 2152 297 2231 pariter
311 2154 387 2212 bella
409 2155 608 2212 distenderant
630 2160 716 2212 curas
729 2153 887 2233 hominum,
897 2153 994 2210 -simrd
1008 2171 1054 2212 re·
1108 2207 1110 2212 .

76 2233 269 2306 sordentium,
296 2252 367 2310 quas
396 2234 506 2310 primus
533 2229 673 2292 adientus
694 2231 879 2290 ¹Hannibalis
905 2231 1063 2292 intulisset¹

75 2310 168 2370 Italiae
189 2312 287 2370 clades
298 2332 306 2382 3
327 2312 423 2381 simul,
446 2331 535 2388 quum
558 2312 607 2370 illa
620 2322 740 2388 angeret
760 2329 839 2380 cura,
864 2315 883 2343 ‘⁸
895 2329 967 2386 quos
990 2320 1052 2369 tarn

76 2391 241 2467 “propitios
261 2391 326 2450 urbi
340 2401 424 2466 atque
449 2391 571 2467 imperio
584 2391 644 2450 lore
657 2391 748 2465 Deos,
761 2401 794 2449 nt
805 2391 909 2450 eodem
923 2399 1089 2466 temporem

75 2468 256 2546 “utrobique
277 2489 323 2528 res
335 2471 452 2547 publica
464 2469 601 2548 prospere,
618 2471 786 2545 gerereturi
828 2468 938 2527 Adhuc
951 2470 1053 2534 adver·

75 2552 93 2582 “
102 2562 134 2606 sa
147 2550 284 2609 secundis
299 2551 454 2626 pensando
475 2569 537 2608 rem
547 2601 550 2608 .
560 2549 596 2606 ad
610 2548 640 2606 id
658 2558 773 2624 tempus
793 2558 952 2606 extractam
966 2545 1050 2606 esse:

75 2635 94 2664 “
106 2642 194 2702 qttum
208 2629 239 2687 in
263 2629 349 2687 Italia
372 2629 408 2687 ad
430 2629 636 2687 Trasimenum
657 2636 688 2684 et
701 2626 820 2684 Cannas
841 2626 1051 2702 praecipitasset

73 2704 241 2765 “Romana
262 2727 318 2780 res,
339 2725 474 2783 prospera
494 2707 569 2764 bella
592 2705 623 2760 in
645 2704 790 2778 Hispania
802 2705 964 2780 prolapsam
983 2722 1049 2762 eam

73 2791 93 2824 ‘⁶
104 2785 249 2842 erexisse:
270 2795 378 2858 postea,
392 2804 481 2858 quum
495 2786 525 2840 in
543 2781 688 2856 Hispania
702 2780 759 2840 alia
771 2800 858 2857 super
882 2783 965 2839 aliam
989 2783 1084 2840 ola-ao

73 2864 91 2894 “
99 2860 161 2927 des,
183 2861 297 2921 duobus
317 2862 442 2937 egregiis
466 2860 590 2920 ducibus
611 2859 735 2933 amissis,
759 2860 833 2918 duos
853 2860 997 2938 exercitus
1010 2878 1048 2919 ex

71 2940 180 3014 “parte
204 2937 338 3006 delesset,
360 2940 451 2995 multa
473 2939 603 2996 secunda
625 2938 656 2995 in
678 2936 765 3000 Italtt
789 2939 949 3014 Siciliaque
966 2949 1050 3016 gesta

71 3019 266 3090 “quassatam
287 3015 494 3089 rempublicam
516 3015 665 3092 excepisse
676 3035 684 3087 ;
705 3027 736 3074 et
756 3017 850 3093 ipsum
863 3017 1049 3076 intervallum

70 3097 90 3127 “
99 3093 167 3166 loci,
175 3089 251 3168 quod
261 3093 291 3150 in
302 3092 411 3151 ultimis
420 3104 560 3154 terrarum
568 3095 626 3153 oris
637 3096 760 3154 alterum
770 3097 877 3154 bellum
887 3105 1047 3172 gereretur,

69 3171 222 3247 “spatium
231 3171 344 3230 dedisse
355 3173 392 3230 ad
403 3175 611 3253 respirandum.
631 3175 723 3233 Nunc
733 3176 792 3234 duo
803 3174 918 3233 bellain
929 3173 1046 3234 Italiam
1054 3190 1088 3233 aa·

69 3253 89 3284 “
97 3260 228 3330 accepta,
252 3252 310 3310 duo
332 3251 513 3312 celeberrimi
536 3253 663 3311 nominis
685 3255 776 3312 duces
797 3255 987 3312 circumstare
1000 3273 1048 3313 ur·

69 3337 89 3370 ‘⁶
101 3330 168 3392 bam
182 3331 357 3400 Romanam,
377 3344 407 3390 et
420 3351 510 3392 unum
524 3332 555 3390 in
579 3331 676 3390 locum
689 3343 778 3391 totam
792 3332 914 3410 periculi
928 3333 1046 3407 molem,
1101 3349 1103 3354 ·

67 3410 88 3443 “
98 3427 186 3470 omne
207 3429 281 3479 onus
303 3411 490 3470 incubuisse:
518 3410 568 3486 qni
592 3430 691 3470 eorum
715 3412 791 3489 prior
817 3412 945 3480 vicisset,
969 3411 1046 3470 intra

66 3488 206 3566 “paucos
226 3490 405 3550 diescastra
424 3509 492 3549 cum
517 3489 606 3550 altero
617 3491 817 3567 juncturum.’¹
857 3491 1002 3548 Terrebat
1014 3499 1046 3548 et

65 3567 212 3643 proximus
225 3589 319 3629 annus
331 3569 460 3646 lugubris
484 3569 606 3627 duorum
620 3571 772 3629 consulum
786 3569 946 3628 funeribus.
987 3567 1081 3626 Hisce

64 3647 144 3705 anxii
158 3648 236 3706 curis
249 3648 381 3708 homines
394 3648 589 3725 digredientes
602 3649 632 3712 iu
653 3650 817 3726 provincias
830 3649 967 3708 eonsules
979 3665 1044 3724 pro-

64 3724 159 3784 secuti
171 3734 248 3785 sunt.
289 3725 439 3789 Memoria
462 3727 607 3810 proditum
629 3737 683 3813 est,
696 3728 816 3817 plenum
835 3729 933 3788 adhuc
947 3727 997 3788 ire
1010 3725 1043 3788 in
