2556 4314
159 307 216 368 118
524 335 526 340 ·
560 306 631 356 ΤΙΤῙ
646 306 733 356 LIVll

197 448 345 508 XXXVI.
368 447 449 507 Mitis
472 448 588 525 legatio,
603 449 634 506 ni
656 447 828 525 praeferoces
847 447 968 524 legatos,
986 449 1137 528 Gallisque

157 529 249 606 magis
270 528 357 603 quim
370 527 514 586 Romanis
537 527 654 600 similes,
671 527 834 586 habuisset:
856 528 971 602 quibus,
984 540 1137 606 postquam

155 607 294 666 mandata
314 607 469 666 ediderunt
492 607 524 665 in
537 607 662 666 concilio
675 601 933 680 Gallorum,⁸datur
947 627 1135 685 responsum:

157 685 247 744 “Etsi
261 705 368 745 novum
380 705 488 745 nomen
496 686 616 744 audiant
623 687 835 753 Romanorum,
849 696 949 746 tamen
963 688 1084 746 credere
1097 690 1137 749 vi-

157 773 177 804 “
188 783 235 824 ros
246 765 333 823 sortes
346 784 420 835 esse,
434 785 555 842 quorum
566 765 708 824 auxilium
719 784 737 822 a
747 765 875 823 Clusinis
888 766 919 824 in
927 785 959 825 re
973 767 1086 843 trepidat
1100 769 1137 828 sit
1158 785 1172 824 ⁵

157 853 177 882 “
189 844 391 921 imploratum:
412 856 452 914 et,
466 845 602 919 quoniam
615 843 760 922 legatione
774 845 911 903 adversus
925 865 956 903 se
970 847 1135 916 maluerint,

157 931 176 964 ‘⁶
187 923 274 998 quim
289 925 385 992 armis,
398 924 473 983 tueri
485 925 589 996 socios,
597 943 635 981 ne
649 943 681 981 se
694 923 811 999 quidem
822 943 933 1000 pacem,
942 945 1030 1002 quarn
1040 927 1082 984 illi
1095 926 1136 985 as-

157 1007 174 1035 ‘¹
182 1002 286 1072 ferant,
311 1003 487 1080 adspernari,
509 1003 533 1062 si
547 1003 649 1071 Gallis,
663 1003 818 1078 egentibus
838 1023 917 1079 agro,
942 1023 1028 1079 quem
1049 1005 1149 1064 latius

157 1083 352 1158 “possideant
365 1080 453 1157 quiam
466 1083 563 1140 colant
576 1081 701 1150 Clusini,
713 1092 824 1158 partem
837 1083 938 1140 finium
951 1085 1135 1143 concedant:

156 1161 269 1219 “aliter
283 1181 387 1238 pacem
400 1161 546 1238 impetrari
560 1181 618 1219 non
644 1180 736 1237 posse.
779 1161 818 1219 Et
844 1181 1010 1238 responsum
1035 1179 1172 1222 coramro

155 1241 174 1271 ‘⁸
183 1239 327 1300 Romanis
341 1240 474 1317 accipere
487 1241 578 1298 velle:
598 1249 637 1312 et,
652 1239 677 1297 si
690 1250 812 1316 negetur
827 1259 906 1317 ager,
920 1259 1017 1300 coram
1031 1241 1136 1301 iisdem

154 1321 174 1350 “
185 1320 328 1378 Romanis
339 1320 535 1393 dimicaturos,
545 1330 577 1378 ut
587 1319 721 1376 nuntiare
731 1319 850 1378 domum
858 1332 985 1396 possent,
994 1321 1135 1397 quantum

156 1399 265 1457 “Galli
279 1400 383 1458 virtute
397 1410 516 1459 caeteros
530 1399 665 1457 mortales
678 1400 878 1476 prestarent.”
900 1400 1090 1462 “Quodnam
1105 1400 1135 1458 id

156 1477 229 1553 “jus
243 1489 329 1547 esset,
344 1498 444 1555 agrum
457 1477 692 1555 apossessoribus
706 1490 815 1555 petere,
828 1488 877 1536 aut
890 1479 995 1539 minari
1007 1483 1104 1544 armat
1115 1479 1134 1506 ”

155 1554 300 1615 Romanis
314 1559 529 1632 querentibus,
552 1568 590 1630 et,
614 1557 713 1632 “quid
738 1558 769 1618 in
793 1558 911 1618 Etrurii
931 1560 974 1618 rei
988 1559 1079 1618 Gallis
1092 1573 1171 1616 es·15

156 1638 176 1666 “
186 1647 231 1694 set
240 1639 251 1693 l
261 1637 278 1664 ''
300 1656 388 1711 quum
402 1637 454 1710 illi,
469 1641 488 1669 “
500 1655 531 1694 se
546 1636 577 1694 in
602 1637 688 1694 armis
706 1637 850 1714 insieme,
865 1648 895 1696 et
908 1639 1007 1697 omnia
1020 1638 1136 1698 fortium

156 1717 175 1745 “
184 1715 310 1774 virorum
323 1718 416 1789 esse‚’'
428 1715 563 1775 ferociter
577 1716 718 1786 dicerent,
734 1718 866 1777 accensis
877 1718 1021 1794 utrimque
1032 1717 1137 1778 animis

156 1794 192 1852 ad
217 1813 297 1853 arma
320 1796 499 1866 discurritur,
514 1806 544 1854 et
563 1796 698 1871 proelium
719 1797 889 1854 conseritur.
931 1798 986 1866 Ibi,
1005 1797 1066 1874 jam
1088 1817 1137 1858 nr-

156 1875 293 1959 g‘ebtib‘us
313 1873 479 1935 Romanam
503 1875 606 1934 urbem
628 1874 703 1943 satis,
718 1874 806 1951 legati
830 1885 931 1934 contra
941 1875 989 1952 jus
1002 1877 1137 1953 gentium

154 1977 235 2018 arma
257 1957 394 2032 capiunt:
415 1975 471 2015 nec
495 1955 525 2012 id
549 1954 625 2013 clam
649 1973 713 2012 esse
734 1955 836 2031 potuit,
860 1972 949 2032 quum
967 1956 1173 2034 antesignano

154 2037 344 2097 Etruscorum
358 2046 417 2093 tres
439 2034 610 2094 nobilissimi
629 2033 832 2110 fortissimique
845 2035 990 2097 Romanae
1001 2036 1136 2114 juventu·

154 2116 192 2175 tis
209 2126 397 2193 pugnarent:
419 2113 530 2173 tantum
554 2113 702 2173 eminebat
724 2115 878 2192 peregrina
901 2115 998 2174 virtus.
1048 2116 1134 2179 Quin

154 2195 242 2255 etiam
266 2195 307 2257 Q.
333 2194 453 2263 Fabius,
477 2204 595 2252 evectus
615 2206 697 2252 extra
709 2195 802 2252 aciem
816 2214 900 2271 equo,
916 2195 1022 2254 ducem
1036 2196 1135 2255 Gallo-

154 2294 229 2350 rum,
244 2273 377 2334 ferociter
398 2275 429 2332 in
451 2274 513 2350 ipra
526 2273 612 2352 signa
632 2273 821 2332 Etruscomm
845 2275 1053 2343 incursantem,
1082 2293 1135 2351 per

154 2354 229 2414 latus
252 2355 422 2413 transfixum
446 2354 538 2422 hasta,
563 2353 694 2413 occidit:
726 2354 871 2430 spoliaque
898 2354 974 2431 ejus'
987 2355 1172 2430 legentemas

49 2437 50 2440 ’
127 2473 129 2478 -
154 2434 231 2494 Galli
255 2436 414 2512 agnovere;
443 2451 551 2511 perque
571 2443 660 2493 totam
684 2433 788 2502 aciem,
813 2434 982 2492 Romanum
1006 2433 1134 2510 legatum

154 2533 229 2586 esse,
252 2515 369 2592 signum
393 2515 493 2574 datum
517 2523 569 2572 est.
610 2512 730 2572 Omissri
743 2513 812 2574 inde
826 2514 857 2571 in
871 2512 1009 2572 Clusinos
1022 2513 1076 2587 iria,
1090 2533 1134 2572 re·

153 2595 252 2672 ceptui
273 2603 393 2662 canunt,
417 2594 562 2653 minantes
586 2593 739 2652 Romanis.
791 2593 893 2662 Erant,
916 2593 965 2669 qui
989 2593 1134 2668 extemplo

153 2674 281 2734 Romam
293 2675 422 2733 eundum
443 2683 616 2733 censerent:
637 2672 734 2731 vicere
758 2673 896 2747 seniores,
910 2683 943 2732 ut
955 2671 1043 2750 legati
1055 2671 1136 2748 priris

154 2754 335 2814 mitterentur
358 2764 491 2828 questum
512 2753 643 2829 injurias,
664 2753 906 2828 postulatumque,
929 2763 969 2820 ut,
994 2770 1046 2827 pro
1067 2751 1172 2827 jurem

100 2895 101 2898 Ἴ
152 2832 286 2908 gentium
309 2833 424 2906 violato,
439 2832 523 2890 Fabii
538 2833 721 2890 dederentur.
763 2831 866 2908 Legati
880 2832 1027 2890 Gallorum
1042 2849 1136 2904 quum

153 2929 198 2983 ea,
224 2910 299 2969 sicut
322 2921 405 2969 eraut
426 2912 572 2980 mandata,
587 2911 796 2989 exposuissent,
818 2911 931 2970 senatui
951 2929 1007 2968 nec
1022 2909 1134 2968 sactum

152 2988 287 3066 placebat
310 2989 477 3059 Fabiorum,
500 3000 530 3050 et
553 2991 604 3068 jus
624 2991 768 3067 postulare
801 2991 915 3048 barbari
941 2988 1134 3047 videbantur:

153 3069 215 3136 sed,
230 3086 268 3127 ne
291 3068 332 3142 id,
350 3067 426 3146 quod
449 3071 594 3146 placebat,
619 3071 789 3129 decerneret
810 3071 841 3130 in
864 3079 953 3128 tautae
977 3067 1135 3127 nobilitatis

154 3147 231 3221 riris,
246 3148 365 3208 ambitio
387 3149 528 3209 obstabat.
570 3149 683 3225 Itaque,
707 3169 745 3208 ne
758 3169 850 3226 penes
866 3150 944 3226 ipsos
958 3149 1045 3224 culpa
1057 3156 1136 3206 esset
1146 3168 1173 3210 ³5

153 3226 245 3286 cladis
257 3227 329 3287 sorte
351 3228 466 3290 Gallico
478 3230 554 3290 bello
567 3237 707 3305 accepte,
722 3229 919 3306 cognitionem
932 3229 970 3288 de
983 3226 1136 3304 postulatis

153 3306 302 3367 Gallorum
317 3310 353 3367 ad
367 3310 505 3390 populum
529 3309 683 3388 rejiciunt:
705 3309 755 3368 ubi
769 3308 850 3368 tanto
864 3309 928 3385 pltis
941 3307 1034 3385 gratia
1048 3316 1135 3382 atque
1146 3347 1174 3398 ‘a'

151 3406 222 3464 opes
235 3388 361 3457 valuere,
376 3399 417 3458 ut,
439 3408 560 3464 quorum
572 3390 608 3447 de
622 3388 710 3464 poent
724 3389 872 3466 agebatur,
886 3387 996 3448 tribuni
1010 3387 1135 3446 militum
1153 3400 1167 3458 ξ,

152 3469 298 3528 consulari
311 3478 452 3544 potestate
466 3468 497 3526 in
510 3469 711 3544 insequentem
726 3487 836 3528 annum
849 3477 1027 3528 crearentur.
1063 3464 1136 3527 Quo
1153 3461 1178 3559 [23
1271 3537 1272 3540 Ἴ

152 3547 239 3626 lacto,
263 3550 341 3607 haud
364 3566 450 3606 secus
473 3546 558 3623 quent
580 3548 702 3624 dignum
716 3560 787 3623 erat,
802 3548 910 3608 infensi
924 3547 1011 3622 Galli,
1026 3544 1137 3604 bellum
1154 3561 1160 3572 ·

151 3628 299 3706 propalam
310 3626 465 3701 minantes,
480 3626 516 3684 ad
531 3645 598 3685 suos
611 3628 742 3687 redeunt.
785 3629 913 3688 Tribuni
928 3627 1052 3686 militum
1066 3642 1138 3684 curn
1154 3625 1169 3706 ξ

151 3706 243 3763 tribus
257 3705 356 3795 Fabiis
370 3706 461 3796 creati
474 3705 514 3768 Q.
531 3706 680 3799 Sulpicius
692 3708 822 3788 Longus,
841 3709 883 3775 Q.
899 3705 1037 3770 Servilius
1049 3721 1138 3785 quar·
1154 3742 1177 3818 ᾖ

153 3783 224 3856 tum,
239 3785 301 3844 Ser.
316 3783 471 3846 Cornelius
484 3784 705 3866 Maluginensis.
743 3808 746 3818 ¹
1098 3839 1100 3849 ,
1149 3819 1177 3853 a.
1271 3869 1272 3886 χ
