2556 4314
412 621 527 682 LIBRI
558 623 712 686 QUINTI

292 847 366 896 occ.
383 835 628 896 xxv'1-xxv111.
645 846 835 894 xxxii-nv.

384 1268 512 1303 sermm
529 1265 614 1302 121er
630 1267 745 1309 QUINTI.

98 1423 126 1463 11«
135 1421 238 1464 obsidione
246 1420 345 1471 Vajorum
352 1419 485 1460 hibernacula
496 1419 596 1459 militibus
613 1419 669 1458 facta
677 1425 737 1458 sunt:
750 1431 776 1458 ea
784 1431 815 1459 res
823 1432 886 1471 quum
894 1426 947 1459 esset
955 1432 1016 1472 nova,
1025 1420 1057 1460 in-

73 1473 94 1512 dt
108 1472 211 1511 nationem
219 1470 346 1510 tribunorum
355 1471 419 1519 plebis
435 1471 508 1519 movit,
516 1470 644 1519 querentium
657 1481 696 1508 non
709 1470 754 1508 dari
763 1469 817 1518 plebi
830 1483 866 1508 nec
876 1483 911 1519 per
919 1471 1006 1509 hiemem
1018 1469 1062 1509 mi?

73 1521 141 1561 litrar
167 1521 229 1559 uiam.
255 1519 340 1570 Equites
349 1525 393 1559 turn
402 1519 490 1568 primdm
498 1519 555 1568 equis
564 1519 606 1558 suis
615 1530 690 1557 merere
698 1525 808 1567 caeperunt.
836 1521 907 1561 Quum
916 1520 1022 1559 inundatio
1029 1531 1055 1558 ex

74 1570 121 1610 lacu
137 1571 156 1609 A
167 1571 219 1608 bano
231 1569 286 1608 sacta
299 1574 360 1618 esset,
373 1577 439 1618 vates,
447 1569 482 1618 qni
495 1580 541 1606 eam
554 1580 596 1606 rein
609 1568 785 1618 interpretaretur,
798 1569 823 1608 ds
836 1570 928 1608 hortibus
936 1573 1008 1618 captus
1016 1575 1056 1608 est.

72 1619 147 1658 Furius
156 1619 257 1658 Camillus
270 1619 358 1657 dictator
371 1619 440 1656 decern
455 1630 518 1656 annos
527 1619 618 1656 obsessos
627 1617 691 1667 Vejos
699 1619 766 1666 cepit:
780 1619 912 1658 simulacrum
920 1619 1006 1658 lunonis
1015 1619 1056 1658 Ro

11 1687 15 1696 ·
72 1679 128 1708 mam
135 1668 253 1708 transtulitr
267 1668 367 1706 desimam
379 1673 458 1716 partem
466 1668 536 1716 praeda
544 1667 634 1716 Delphos
647 1667 740 1716 Apollini
757 1668 821 1723 misit,
860 1684 937 1716 xm,
965 1683 1055 1716 nvn,

72 1733 144 1784 Idem
152 1734 260 1788 hibunus
272 1734 384 1790 militum,
399 1747 473 1792 quum
486 1733 594 1779 Faliscos
606 1733 735 1792 obsideret,
747 1735 854 1793 proditos
864 1733 972 1780 hostium
992 1731 1056 1779 filios

73 1797 211 1860 parentibus
233 1797 340 1843 remisit:
358 1796 487 1856 statimque
515 1796 637 1842 deditione
666 1791 740 1852 iactis,
760 1797 909 1842 Faliscorum
930 1795 1056 1842 victoriam

69 1855 166 1924 jusiilffi
185 1864 332 1910 consecutus
344 1865 388 1906 Ost·
422 1872 493 1912 Quum
501 1872 553 1910 alter
562 1884 588 1910 ex
596 1872 721 1921 censoribus,
730 1871 754 1910 C.
763 1871 838 1920 Julius,
856 1870 981 1918 decessisset,
992 1869 1016 1912 in
1025 1870 1055 1908 lo

70 1935 117 1966 cum
125 1924 168 1972 eJ'ns
182 1921 212 1960 M.
222 1921 329 1960 Cornelius
349 1921 447 1962 suffectus
465 1927 512 1960 est:
525 1933 562 1962 nec
579 1921 600 1960 id
614 1928 685 1970 postes
694 1921 771 1960 lactum
779 1927 818 1969 est,
827 1920 922 1970 quoniam
931 1931 955 1957 eo
968 1919 1032 1957 lustro
1041 1931 1055 1958 a

73 1972 140 2012 Gallis
148 1971 330 2018 R0mw1>t²e³t
356 1985 445 2018 xxxrr.
470 1972 557 2019 Furius
573 1971 698 2028 Camillus,
717 1987 791 2031 quum
802 1972 825 2018 ei
840 1971 892 2016 dies
903 1985 917 2016 a
928 1970 959 2016 L.
971 1971 1056 2030 Appu-

73 2038 122 2100 lejo
134 2036 228 2083 tribuno
247 2025 324 2094 plenis
343 2035 408 2082 dicta
425 2041 499 2091 esset,
519 2036 545 2082 in
564 2035 676 2082 exsilium
693 2036 757 2082 abiit.
792 2033 954 2088 xxx111,&c.
972 2033 1055 2087 Quum

77 2099 188 2146 Senones
201 2097 262 2143 Calli
275 2097 384 2144 Clusium
402 2097 549 2153 obsiderent,
566 2101 591 2145 et
610 2099 718 2161 legati,a
735 2103 822 2145 senatu
833 2097 900 2143 missi
912 2097 942 2142 ad
954 2109 1054 2156 compo-

74 2161 180 2210 nendam
192 2161 253 2207 inter
269 2173 312 2207 eos
329 2165 354 2206 et
371 2159 484 2222 Clusinos
505 2176 600 2222 pacem,
617 2167 754 2224 pugnantes
766 2165 849 2208 contra
861 2159 944 2206 Gallos
954 2159 980 2206 in
1001 2159 1055 2206 acie

77 2224 231 2272 Clusinorum
253 2224 393 2282 stetissent3
421 2223 469 2270 hoc
491 2223 555 2272 facto
578 2239 662 2272 eorum
684 2224 799 2272 concitati
824 2223 935 2270 Senones
962 2221 1054 2268 Urbem

75 2287 164 2336 infesto
175 2287 284 2334 exercitu
295 2286 430 2346 petierunt3
464 2302 583 2334 xxxvm.
600 2302 697 2343 xxxix,
711 2289 757 2335 &e
786 2287 906 2346 Fusisqne
926 2285 956 2331 ad
967 2285 1055 2332 Alliam

76 2349 169 2398 flumen
195 2349 320 2405 Romanis,
340 2345 427 2410 cepere
453 2349 554 2407 Urbem,
571 2356 656 2412 praeter
672 2350 827 2410 Capitolium,
843 2347 869 2395 in
886 2349 951 2409 quod
969 2362 996 2394 se
1014 2347 1055 2409 ju·

76 2417 165 2461 ventus
192 2412 340 2460 contulerat:
382 2427 439 2459 xm.
456 2413 562 2475 Majores
587 2419 654 2469 natu,
682 2427 739 2460 cum
766 2413 900 2476 insignibus
927 2411 1056 2466 honorum,

77 2490 138 2538 quos
166 2475 267 2536 quisque
294 2478 409 2538 gesserat,
434 2477 460 2522 in
487 2477 613 2524 vestibulis
640 2477 728 2523 aedium
756 2477 879 2530 sedentes,
907 2474 1056 2522 occiderunt.

79 2553 168 2586 xnvrs.
185 2540 219 2586 Et
230 2553 313 2600 quum,
324 2553 366 2599 per
377 2553 486 2586 aversam
497 2546 587 2600 partera
601 2539 722 2600 Capitolii,
730 2539 782 2599 jam
792 2539 819 2584 in
829 2551 952 2585 summum
963 2537 1053 2583 evasis-

79 2605 143 2659 sent,
155 2602 241 2663 proditi
252 2603 364 2664 clangore
376 2616 496 2658 anserum,
515 2602 551 2648 M.
563 2603 649 2650 Martiii
667 2595 788 2662 praecipue
801 2595 876 2662 opera
891 2600 981 2662 dejecti
992 2604 1056 2646 sunt.

80 2679 181 2714 xavm.
200 2665 297 2712 Coactis
309 2665 396 2711 deinde
415 2671 511 2725 propter
529 2664 618 2711 larnern
637 2665 934 2719 Romanis'desccndere,
954 2663 1058 2711 utmille

78 2729 160 2786 pondo
172 2729 221 2775 auri
233 2729 325 2782 darent,
337 2731 362 2774 et
377 2725 425 2773 hoc
436 2728 512 2787 pretio
525 2726 600 2790 finem,
612 2728 744 2784 obsidionis
756 2732 881 2785 emerent3
914 2740 990 2772 xmx.
1008 2725 1057 2772 Fu·

77 2791 126 2838 rius
135 2789 262 2846 Camillus,
279 2791 381 2839 dictator
392 2791 480 2837 absens
492 2797 595 2846 creatus,
613 2792 674 2838 inter
685 2791 841 2850 pendendum
853 2803 935 2836 aurum
947 2803 1003 2835 curn
1013 2803 1056 2836 ex-

77 2853 155 2900 ercitu
165 2853 241 2906 venit,
253 2858 278 2898 et
289 2851 371 2898 Gallos
392 2858 447 2912 post
464 2860 562 2902 sextam
580 2868 691 2900 mensem
710 2853 777 2900 Urbe
796 2853 898 2913 expulit,
909 2851 1054 2910 ceciditque.

79 2930 104 2964 11.
121 2915 200 2964 AEdes
219 2914 265 2977 Ajo
284 2914 388 2960 Locutio
403 2914 475 2970 sacta,
487 2917 534 2976 quo
553 2917 608 2963 loco
628 2923 684 2964 ante
699 2915 792 2963 Urbem
810 2921 906 2974 captam
917 2924 965 2960 vox
976 2914 1058 2961 audita

80 2981 139 3034 erat,
151 2978 280 3024 adventare
292 2975 384 3023 Gallos.
417 2977 518 3025 Dictum
536 2984 583 3034 est,
601 2981 631 3026 ad
641 2979 718 3040 Vejos
729 2979 880 3040 migrandum
896 2992 951 3023 esse
962 2981 1060 3038 propter

81 3042 206 3088 incensam
218 3045 244 3087 et
254 3041 355 3086 dirutam
367 3039 474 3090 Urbem:
500 3057 540 3098 121,
551 3043 597 3090 hnc.
614 3043 686 3098 Quod
704 3041 832 3088 eonsilium
845 3040 947 3087 Camillo
960 3045 1058 3086 auctore

80 3104 217 3152 discussum
229 3108 274 3150 est.
308 3116 352 3149 nv.
369 3102 450 3150 Movit
468 3106 586 3166 populum
597 3106 666 3154 vocis
677 3119 775 3164 quoque
787 3117 861 3150 omen
872 3117 904 3149 ex
915 3103 1058 3150 centurione

79 3167 176 3222 auditae,
188 3167 237 3226 qui,
257 3179 331 3227 quum
347 3166 373 3212 in
384 3164 462 3214 iorum
483 3169 601 3226 venisset,
619 3167 782 3230 manipulariis
793 3167 844 3214 suis
858 3167 958 3224 dixerat,
979 3169 995 3194 “
1006 3165 1059 3220 Sta,
1085 3197 1091 3210 ,

78 3227 187 3344 ιζῐξίξῖες
213 3224 258 3276 hic
277 3225 368 3290 optim&
392 3231 571 3280 manebimus.''
605 3244 747 3300 [onai-nv.
770 3242 975 3284 measa-mas.
989 3241 1060 3281 c.400

470 3433 671 3443 m

121 3563 237 3632 XXVI.
260 3571 393 3631 Comitiis
416 3572 597 3629 tribunorum
616 3570 740 3628 militurn
762 3569 863 3627 Patres
878 3566 992 3626 suminis
1006 3584 1061 3641 ope

79 3654 238 3722 evicerunt,
253 3664 286 3711 ut
307 3652 349 3710 M.
364 3652 470 3710 Furius
495 3651 635 3708 Camillus
654 3660 809 3708 crearetur.
851 3648 971 3722 Propter
984 3645 1061 3701 bella

81 3733 255 3790 simulabant
276 3733 369 3808 parari
393 3732 498 3789 ducem
510 3751 517 3801 ;
540 3731 591 3786 sed
612 3729 756 3806 largitioni
781 3727 945 3785 tribunioiae
960 3725 1061 3781 adver·

82 3811 173 3868 sarius
189 3812 385 3886 querebatur.
435 3809 512 3871 Cum
536 3808 661 3866 Camillo
684 3807 775 3866 creati
797 3806 906 3864 tribuni
934 3802 1060 3862 militum
