2556 4314
118 309 175 372 104
349 305 420 371 ΤΙΤῙ
437 299 523 352 Lrvlt
539 301 647 352 LIBER
663 301 711 358 111.
728 313 791 350 car.
809 312 861 349 arx.

116 452 205 510 latum
220 449 308 508 abiit:
330 459 487 520 manesque
501 442 652 520 Virginiae‚
675 452 794 500 mortuas
809 441 898 518 quam¹
917 441 989 500 vivae
1004 443 1096 502 felici.

74 583 76 586 .
116 530 183 598 oris,
197 547 247 606 per
261 537 303 584 tot
316 526 417 584 domos
430 524 466 581 ad
488 522 628 599 petendas
649 533 751 598 poetras
769 521 874 597 vagati,
889 519 970 580 nullo
993 523 1095 582 relicto

117 622 209 676 sonte,
224 603 342 665 tandem
355 605 534 680 quieverunt.

156 763 238 822 LIX.
271 762 383 839 Ingens
415 770 510 818 metus
536 760 696 818 incesserat
722 758 831 830 Patres,
858 759 1010 834 vultusque
1035 779 1097 838 Jam

117 843 207 903 iidem
228 842 409 900 tribunorum
431 849 523 907 erant,
548 838 598 914 qui
622 835 852 896 decemvirorum
865 837 991 906 socrant,
1006 858 1096 913 quum
1117 853 1132 891 ⁵

118 923 161 980 M.
176 921 302 988 Duilius,
317 921 450 978 tribunus
471 917 574 993 plebis,
588 917 713 976 inhibito
732 917 884 975 salubriter
898 918 985 975 modo
997 919 1096 976 nimiae

118 1001 262 1078 potestati,
284 998 354 1057 “Et
367 997 537 1070 libertatis,”
551 997 654 1072 inquit,
680 1005 699 1033 ‘⁴
709 1006 824 1064 nostre,
849 1006 879 1053 et
891 1015 1044 1071 poenarum
1058 1017 1097 1055 ex

119 1079 287 1147 “inimicis,
312 1077 381 1136 satis
402 1087 462 1135 est:
484 1077 579 1151 itaque
605 1077 661 1134 hoc
682 1091 759 1134 anno
785 1093 841 1132 nec
863 1075 940 1132 diem
955 1077 1013 1133 dici
1033 1077 1096 1134 cui·

120 1163 138 1192 ¹‘
147 1175 242 1234 quam,
257 1175 313 1215 nec
327 1157 358 1215 in
372 1155 489 1214 vincula
502 1155 570 1213 duci
583 1173 758 1230 quemquam
772 1173 836 1212 sum
850 1173 992 1230 passurus
1015 1155 1096 1212 Nam

120 1246 139 1274 ⁸⁸
150 1255 245 1312 neque
256 1247 352 1294 vetera
359 1245 481 1312 peccata
491 1234 581 1310 repeti
593 1235 654 1310 jam
663 1234 814 1292 obliterata
821 1234 927 1310 placet,
942 1253 1029 1308 quum
1044 1253 1097 1292 no-
1108 1248 1134 1286 ro

120 1325 141 1353 ‘¹
152 1333 186 1372 va
195 1316 308 1390 expiata
320 1316 377 1372 sint
387 1314 615 1372 decemvirorum
626 1313 793 1387 suppliciis3
807 1325 838 1370 et
851 1313 923 1371 nihil
938 1314 1103 1370 admissum

122 1399 140 1427 “
152 1395 197 1464 iri,
211 1395 287 1468 quod
301 1394 358 1451 vim
372 1392 558 1450 tribuniciam
572 1391 725 1462 desideret,
740 1393 863 1467 spondet
876 1403 1015 1468 perpetua
1029 1411 1097 1450 con·

40 1531 41 1535 ,
121 1473 244 1530 “sulum
266 1473 414 1530 amborum
439 1471 469 1529 in
490 1470 621 1527 libertate
643 1470 738 1530 vestra
761 1471 870 1534 tuenda
897 1472 997 1528 c'ura.'’
1053 1471 1098 1528 Ea

119 1551 242 1628 primdm
269 1549 427 1608 moderatio
457 1540 564 1606 triboni
596 1559 706 1607 metum
728 1549 861 1607 Patribus
889 1551 1022 1626 dempsit,
1050 1569 1098 1608 ea·
1183 1597 1185 1603 .

100 1630 246 1704 .demque
268 1629 349 1686 auxit
372 1627 524 1686 consulum
546 1627 703 1698 invidiam;
733 1627 809 1703 qudd
834 1628 909 1685 adeo
933 1630 984 1687 toti
1006 1629 1098 1704 plebis
1108 1641 1134 1682 15

122 1709 254 1779 fuissent,
268 1718 300 1765 ut
314 1707 431 1764 Patrum
445 1705 544 1764 salutis
565 1706 761 1782 libertatisque
775 1707 852 1784 prior
866 1709 980 1784 plebejo
993 1709 1099 1784 magis·
1169 1755 1174 1772 ,
1261 1741 1265 1748 «

45 1858 48 1866 Δ
121 1787 219 1860 tratui,
233 1787 318 1862 quam
332 1785 462 1862 patricio,
477 1803 547 1843 cura
561 1784 679 1854 fuisset;
701 1796 732 1843 et
745 1785 812 1844 ante
833 1787 966 1844 inimicos
981 1787 1099 1844 satietas

122 1884 273 1942 pomarum
287 1882 403 1922 suarum
427 1864 561 1939 cepisset,
576 1863 663 1938 quam
677 1863 792 1922 obviam
806 1865 895 1922 ituros
908 1866 1033 1923 licentiae
1049 1884 1100 1924 eo-

81 1966 86 1974 ·
123 1963 186 2002 rum
197 1944 334 2002 consules
355 1953 512 2019 appareret.
554 1941 698 2018 Multique
721 1953 813 2011 erant,
831 1944 880 2018 qui
895 1944 1007 2002 mollitis
1028 1963 1099 2002 con-

124 2023 231 2080 sultum
245 2021 384 2092 dicerent,
399 2020 476 2095 qudd
490 2023 587 2099 legum
609 2022 645 2080 ab
660 2021 695 2080 iis
715 2022 836 2080 latarum
851 2023 951 2093 Patres
965 2035 1098 2082 auctores
1109 2035 1137 2076 ao

124 2101 264 2159 fuissent:
286 2119 382 2176 neque
393 2110 454 2157 erat
467 2101 596 2174 dubium,
611 2101 690 2177 quin,
705 2103 819 2161 turbato
832 2100 1000 2177 reipublicae
1014 2114 1098 2175 statu,
1153 2109 1155 2116 ‘

125 2180 246 2256 tempori
259 2179 487 2256 sqcoubuisrent.
557 2213 562 2222 ·
769 2195 772 2200 ·
