2520 4310
112 327 173 388 256
514 323 586 374 ‘rm
602 321 689 374 arvrr
722 383 728 388 q
785 317 790 324 ·

112 465 211 530 “usui
234 477 311 528 aunt.
352 467 428 528 Hac
450 485 539 544 quum
563 465 603 527 ita
616 468 719 526 natura
740 463 879 542 &amota
893 465 962 536 sint,
979 477 1094 530 exutro

113 548 263 608 “tandem
285 567 393 626 genere
416 548 519 606 calex
544 566 608 606 esse
635 547 758 619 videtur,
783 563 871 624 quam
898 546 1095 625 abrogamus'l

113 628 193 686 “An
204 639 287 686 vetus
299 627 380 705 regia
392 628 449 702 lex,
463 627 548 685 simul
562 646 631 685 cum
645 625 707 703 ipsa
721 625 792 683 urbe
803 609 922 706 nalal,
939 627 990 686 An
1005 626 1095 705 (quod

114 713 135 746 ‘⁴
146 707 308 767 secundum
322 709 380 786 est)
395 708 439 766 ab·
453 706 625 765 decemviris
650 706 685 762 ad
700 705 854 763 condenda
865 704 932 782 jura
945 707 1050 765 creatis
1063 706 1095 766 in

113 787 302 846 “duodecim
325 785 430 845 tabulis
454 786 581 862 scriptal
603 785 666 843 sine
687 784 745 860 qui
765 803 855 860 quum
868 785 992 862 majorca
1005 785 1096 845 nostri
1115 794 1130 836 ⁵

114 873 203 926 “nou
234 865 427 924 existimarint
452 866 544 925 decus
570 863 729 923 matronale
755 863 862 922 servari
888 883 983 940 posse,
1010 864 1104 942 nobis?

113 945 133 978 “
163 963 257 1020 noque
271 945 429 1003 verendum
443 945 489 1018 sit,
510 964 549 1002 ne
570 963 637 1002 oum
652 943 688 1000 ei
701 943 840 1018 pudorem
854 943 1095 1020 sanctitatemque
1131 981 1136 984 -

114 1015 135 1057 ἢ
144 963 329 1082 laminarum
343 1025 523 1102 abmgemus.
562 1022 641 1084 Quis
665 1022 752 1098 igitur
773 1021 877 1095 nescit,
890 1007 995 1081 noram
1010 1023 1095 1081 istam
1148 1051 1150 1054 ·

114 1110 135 1140 ‘⁴
144 1102 241 1180 legem
255 1122 329 1170 esse,
343 1103 387 1164 Q
400 1101 492 1160 Fabio
505 1113 535 1160 et
548 1101 597 1162 Ti.
613 1100 786 1177 Sempronio
798 1101 972 1172 oonsulibus,
988 1101 1092 1178 viginti

113 1183 133 1214 '‘
144 1180 229 1240 annis
250 1181 318 1240 ante
332 1181 419 1240 latam
430 1182 443 1239 l
464 1181 527 1239 rinc
540 1181 599 1257 qna
618 1199 708 1257 quum
729 1199 781 1256 per
794 1189 836 1239 tot
848 1199 938 1238 annos
951 1190 1091 1240 matronae
1103 1193 1130 1235 ιο

113 1261 260 1338 “optimis
283 1260 410 1320 moribus
434 1260 566 1328 vixerint,
588 1260 665 1335 quod
686 1260 816 1334 tandem,
840 1277 877 1317 ne
900 1259 1038 1336 abrogata
1054 1260 1094 1318 ed.

112 1339 132 1378 ‘⁶
143 1339 328 1399 effundantur
341 1341 378 1398 ad
391 1339 545 1412 luxuriam,
558 1339 721 1414 perieulum
734 1341 800 1397 estl
842 1337 920 1396 Nam
941 1338 965 1396 ai
979 1337 1035 1396 ista
1046 1338 1096 1400 lex

112 1417 208 1478 “ideo
221 1417 279 1478 lata
300 1430 387 1488 esset,
408 1429 441 1477 ut
453 1419 550 1477 finiret
562 1418 713 1476 libidinem
735 1417 916 1486 muliebrem,
935 1417 1095 1478 verendum

111 1498 224 1567 “loret,
248 1517 287 1556 ne
311 1499 449 1576 abrogata
469 1497 611 1556 incitaret.
653 1497 714 1556 Cur
736 1496 773 1556 sit
796 1507 894 1557 autem
917 1497 983 1565 lata,
998 1496 1093 1574 ipsum

113 1575 315 1715 “gudicavit]
342 1587 464 1653 tempus.
506 1575 654 1636 Hannibal
682 1577 713 1635 in
739 1576 826 1635 ltalia
849 1588 920 1656 erat,
942 1576 1032 1635 victor
1055 1576 1130 1636 adra

113 1663 134 1696 ‘⁶
170 1675 281 1726 annas:
299 1676 359 1734 Jam
384 1657 556 1725 Tarentum,
578 1656 638 1732 jam
652 1656 759 1732 Arpos,
779 1655 840 1733 jana
861 1656 993 1732 Capuam
1007 1655 1095 1716 lrabe-

114 1735 211 1794 “bat:
233 1737 270 1795 ad
291 1736 393 1794 urbem
416 1736 543 1794 Romam
565 1735 733 1793 admoturus
746 1735 908 1794 exercitum
922 1734 1092 1794 videbatur:

114 1815 135 1848 “
145 1813 315 1874 defecerant
326 1815 416 1875 socii:
437 1834 495 1874 non
517 1814 623 1872 milites
643 1813 675 1872 in
689 1813 931 1890 supplementum,
946 1833 1004 1872 non
1018 1813 1094 1872 soci·

115 1901 136 1931 ‘⁸
146 1911 179 1951 os
192 1895 310 1952 navales
333 1895 370 1952 ad
391 1893 513 1953 classem
536 1893 686 1966 tuendam,
706 1911 766 1951 non
780 1893 933 1970 pecuniam
946 1892 977 1950 in
991 1891 1093 1951 erario

115 1979 136 2009 “
148 1972 345 2030 habebamus:
367 1974 452 2047 servi,
473 1973 580 2050 quibus
601 1991 681 2030 arma
701 1973 849 2045 darentur,
871 1972 912 2030 ita
925 1981 957 2029 ut
968 1970 1130 2048 pretiumu

114 2051 194 2124 “pro
207 2050 243 2107 iis
267 2050 342 2108 bello
366 2052 493 2127 perlecto
516 2051 642 2110 dominis
663 2051 829 2124 solveretur,
850 2051 1041 2111 emebanturr
1061 2049 1093 2108 in

64 2150 70 2162 ¹
114 2127 277 2186 “eamdem
299 2128 376 2186 diem
400 2130 543 2206 pecuniae,
568 2131 754 2202 frumentum,
768 2140 798 2187 ct
815 2139 932 2196 caetera,
946 2147 1011 2203 quac
1025 2127 1094 2186 belli

116 2213 137 2244 ‘⁶
145 2223 214 2265 usus
227 2207 421 2283 postulabant,
443 2209 601 2284 praebenda
612 2207 761 2286 publicani
773 2226 804 2264 se
818 2208 1016 2295 coerums
1027 2225 1096 2283 pro·

115 2292 136 2322 ‘⁶
148 2284 215 2342 lessi
229 2295 328 2343 erant:
342 2305 438 2344 servos
452 2287 488 2344 ad
502 2305 625 2362 remum,
636 2305 757 2346 numero
769 2304 805 2343 ex
818 2304 909 2344 censu
923 2285 1095 2360 constituto,

116 2371 137 2402 “
147 2381 216 2422 cum
230 2365 373 2442 stipendio
386 2375 484 2424 nostro
497 2366 658 2424 dabamus:
673 2384 774 2425 aurum
787 2375 818 2423 ct
829 2374 983 2442 argentum
996 2383 1095 2440 omne,
1103 2382 1130 2425 aa

115 2451 137 2481 “
148 2443 186 2502 ab
199 2445 379 2504 senatoribus
391 2445 454 2523 ejus
477 2445 520 2503 rei
533 2445 616 2504 initio
629 2455 702 2519 orto,
721 2444 752 2502 in
765 2440 914 2521 publicum
929 2443 1096 2502 consereba-
1191 2451 1192 2454 ’

117 2531 232 2584 “must
254 2525 346 2584 vidue
367 2535 397 2583 et
419 2524 519 2602 pupilli
544 2525 684 2600 pecunias
707 2543 775 2582 suas
788 2523 819 2582 in
838 2523 970 2582 aerarium
983 2522 1096 2582 desere-

116 2605 136 2636 “
148 2603 236 2662 bant:
258 2615 376 2663 cautum
389 2599 677 2694 eraiffiq‘udffiplus
689 2603 753 2662 auri
767 2613 797 2661 ct
810 2601 922 2680 argenti
936 2601 1015 2672 facti,
1036 2600 1095 2679 qud

116 2690 187 2741 “na
199 2683 264 2758 plus
285 2685 390 2760 signati
413 2677 536 2761 argenti
550 2695 580 2742 et
602 2703 674 2755 aerrs,
698 2683 778 2742 domi
798 2683 983 2740 haberemus.
1024 2680 1095 2740 'l'ali

98 2815 100 2821 .
116 2763 136 2796 '⁴
144 2769 273 2836 tempore
296 2763 326 2820 in
350 2763 466 2824 luxurii
479 2774 509 2822 et
521 2773 624 2822 ornatu
641 2772 940 2840 matronaenooonpatae
954 2770 1046 2828 erant,
1060 2768 1131 2828 uta

115 2838 184 2895 “ad
204 2855 269 2896 eam
283 2843 476 2900 coercendam
486 2843 534 2902 lex
547 2842 643 2919 Oppia
657 2842 821 2900 desiderata
834 2841 894 2900 sitl
915 2858 1013 2917 quum,
1024 2838 1095 2915 quia

117 2916 261 2976 “Cereris
281 2921 468 2996 sacrificium,
488 2922 655 2999 lugentibus
678 2921 815 2981 omnibus
835 2919 983 2988 matronis,
1007 2919 1096 2976 inter·

116 2994 267 3054 “missum
288 3010 359 3072 erat,
384 3012 502 3060 senatus
522 3003 599 3060 finiri
615 3001 734 3060 ‘luctum
755 3001 874 3078 triginta
886 2997 1096 3076 diebnsjussit.

116 3077 137 3108 '‘
148 3073 206 3133 Oui
227 3093 286 3136 non
310 3089 439 3154 apparet,
462 3081 589 3156 inopiam
611 3092 642 3140 et
666 3080 812 3140 miseriam
835 3079 970 3148 civitatis,
984 3088 1016 3138 et
1029 3076 1099 3154 quia

116 3153 275 3214 “omnium
295 3156 470 3232 privatorum
490 3161 623 3236 pecunia
644 3161 673 3218 in
689 3179 774 3220 usum
787 3159 936 3236 publicum
949 3157 1134 3222 vertendam

116 3236 137 3270 “
147 3243 241 3310 crant,
255 3234 339 3294 istam
349 3236 455 3314 legemr
461 3239 621 3315 scripsisse,
641 3241 753 3298 tamdiu
766 3255 943 3312 mansuram,
956 3235 1098 3313 quamdiu

117 3322 239 3374 t‘oausa
258 3315 420 3382 scribenda
449 3317 523 3394 legis
553 3319 724 3399 mansissetl
764 3317 845 3377 Nam
871 3316 905 3385 si,
932 3334 998 3392 quaa
1024 3325 1098 3376 tunc

117 3402 138 3433 “
148 3395 389 3471 cumulantur
402 3403 453 3454 aut
472 3397 602 3466 doorevit
615 3408 745 3466 senatus,
762 3407 812 3455 aut
825 3395 947 3473 populna
957 3393 1051 3472 jussit,
1064 3392 1098 3452 in

117 3482 320 3552 “perpennam
342 3474 452 3534 sarvam
471 3487 592 3552 oportet,
617 3495 670 3538 our
689 3475 831 3554 monnica
843 3473 993 3534 reddimus
1004 3470 1100 3549 priva·

116 3552 206 3612 “list
241 3573 294 3613 our
357 3555 434 3614 blioa
456 3557 591 3632 prasenti
612 3556 739 3634 pecunia
759 3555 916 3614 locamus?
938 3571 991 3612 cnr
1011 3549 1121 3626 servi„

117 3640 138 3672 ‘⁶
149 3629 200 3706 qui
212 3573 356 3702 inillt'eni:¹
370 3653 430 3694 non
453 3638 613 3694 emunturl
635 3629 687 3694 cur
699 3634 803 3714 p'rivati
813 3651 881 3720 ¹nou
894 3633 999 3692 damur
1011 3629 1101 3692 remi·

92 3809 95 3815 r
118 3716 211 3789 “ges,
225 3711 554 3808 sieuttaaodcdimual
582 3727 623 3860 ps
