2556 4314
92 344 130 406 16
170 425 174 436 ¹
492 345 562 404 Tm
578 311 664 404 Ltv'n

129 437 214 550 Xlll.
236 494 304 553 Post
323 495 432 572 aliquot
456 515 557 570 annos,
580 495 733 574 propinqui
752 496 831 572 'regis
854 495 936 554 Tatii
957 475 1105 574 legatos-F

89 567 279 632 Laurentium
293 575 429 650 pulsant:
448 595 593 651 quumque
605 576 767 632 Laurentes
778 576 841 652 jure
855 575 988 651 gentium
1001 581 1096 653 age-9

87 662 163 724 rent,
178 655 254 728 apud
279 653 400 712 Tatium
424 655 516 731 gratia
537 646 654 712 su'oruin
677 665 707 711 et
720 672 823 729 preces
846 654 911 728 plds
924 637 1102 730 poterant-l3

87 727 181 805 Igitur
204 731 318 790 illorum
339 752 455 808 poenam
470 734 500 790 in
522 753 553 790 se
567 734 669 790 vertit:
691 752 759 790 nam
784 732 908 801 Lauinii,
925 752 1014 807 quum
1029 734 1093 794 adr

87 809 207 868 solenne
222 811 397 884 sacrificium
422 811 458 868 ed
474 812 608 884 venisset,
623 825 768 869 concursu
783 811 869 884 sacto,
883 811 1062 870 interficitur.
1079 809 1099 890 Ξ

86 886 161 946 Eam
175 908 236 945 rem
250 888 347 946 minda
360 891 445 966 aegre,
459 891 546 965 quam
561 891 682 967 dignum
703 901 775 958 erat,
789 891 889 947 tulisse
903 890 1099 973 Romulum}

86 965 202 1036 ferunt:
223 987 275 1026 seu
289 969 326 1025 ob
340 968 459 1025 infidam
483 969 651 1027 societatem
665 969 758 1046 regni,
773 989 826 1026 seu
846 970 914 1044 quia
927 971 1005 1027 haud
1019 972 1063 1028 in-

82 1044 159 1121 jurii
182 1065 288 1104 caesum
312 1048 457 1105 credebat.
489 1048 600 1124 'ltaque
624 1049 700 1107 bello
713 1049 829 1123 quidem
852 1049 1008 1107 abstinuit:
1030 1060 1062 1107 ut

73 1122 182 1182 'nmen
196 1125 380 1201 expiarentur
389 1123 554 1203 legatorum
575 1128 687 1205 injuriae
700 1127 835 1204 regisque
847 1128 953 1200 caedes,
968 1128 1062 1186 foedus

57 1249 67 1258 .
83 1200 159 1259 inter
173 1203 299 1261 Romam
321 1204 532 1282 Laviniumque
554 1209 640 1265 urbes
664 1218 832 1264 renovatum
847 1217 899 1264 est.
941 1207 980 1266 Et
993 1217 1096 1266 cum1⁰

83 1281 129 1338 his
142 1283 259 1356 quidem
284 1283 429 1362 insperata
451 1305 508 1361 pax
531 1297 612 1344 erat:
633 1287 712 1344 alind
731 1285 821 1344 multo
834 1285 961 1361 propiis,
976 1296 1069 1362 atque¹
1156 1282 1158 1286 ’

82 1359 113 1416 in
138 1359 208 1435 ipsis
228 1363 316 1437 prope
337 1365 437 1438 portis,
462 1364 569 1422 bellum
593 1357 697 1423 ortunl.
739 1366 906 1432 Fidenates,
921 1365 1012 1424 nimis
1022 1366 1061 1424 vi·

82 1437 164 1496 cinas
186 1459 275 1516 prope
299 1460 330 1498 se
351 1443 554 1502 convalescere
578 1465 650 1521 opes
671 1445 735 1512 rati,
759 1445 925 1521 prinsquam
948 1454 1060 1502 tantum

8 1575 9 1582 χ
80 1518 190 1576 roboris
204 1530 290 1592 esset,
304 1532 444 1596 quantum
466 1523 593 1582 futurum
615 1523 780 1600 apparebat,
794 1532 938 1598 occupant
952 1522 1059 1580 bellum

81 1595 186 1655 facere.
228 1598 247 1655 J
249 1610 386 1658 urentute
400 1605 508 1660 armati
522 1603 661 1675 immissi,
674 1607 799 1660 vastatur
820 1602 882 1678 agri
895 1602 970 1676 quod
984 1601 1059 1660 inter
1068 1615 1095 1654 15

81 1674 189 1733 Urbem
204 1697 239 1734 ac
261 1678 389 1736 Fidenas
412 1691 465 1738 est.
506 1681 631 1739 Indead
655 1681 756 1738 laevam
771 1681 855 1753 versi,
868 1680 936 1755 quia
959 1681 1061 1739 dextra

15 1793 18 1804 ·
81 1754 200 1813 Tiberis
213 1758 340 1826 arcebat,
356 1773 424 1816 cum
448 1762 554 1835 magni
577 1755 768 1835 trepidatione
789 1760 947 1834 agrestium
970 1779 1060 1835 popu·
1134 1789 1137 1795 Δ

79 1831 193 1892 lentur:
215 1837 410 1912 tumultusque
432 1857 547 1914 repens,
561 1857 598 1896 ex
619 1839 696 1912 agris
719 1839 750 1894 in
764 1838 872 1894 Urbem
887 1837 992 1908 illatus,
1006 1854 1058 1911 pro
1097 1883 1109 1908 ,

77 1914 183 1972 nuntio
197 1914 259 1972 fuit.
301 1915 422 1974 Excitus
435 1917 580 1974 Romulus
596 1916 703 1991 (neque
717 1915 795 1971 enim
817 1914 985 1971 dilationem
998 1916 1056 1990 pati

79 2004 139 2051 tam
166 1993 295 2051 vicinum
317 1995 425 2052 bellum
448 1995 573 2071 poterat)
594 1994 758 2052 'exercitum
780 1993 899 2051 educit:
920 2004 1015 2051 castra
1038 2005 1093 2052 am
1129 2053 1141 2075 p

51 2141 53 2148 J
81 2071 202 2128 Fidenis
223 2073 301 2130 mille
325 2091 461 2149 passuum
476 2073 572 2131 locat:
594 2071 634 2129 ibi
649 2071 764 2129 modico
784 2071 919 2147 praesidio
943 2073 1054 2148 relicto,

80 2169 213 2227 egressus
226 2151 362 2210 omnibus
382 2151 484 2228 copiis,
506 2161 616 2227 partem
641 2151 764 2208 militum
778 2151 854 2213 locis.
872 2151 952 2209 circa
964 2152 1057 2210 densa
1093 2147 1094 2150 '

78 2231 173 2290 obsita
193 2232 318 2308 virgulta
340 2231 471 2289 obscuris
493 2231 643 2292 subsidere
668 2231 698 2288 in
723 2231 836 2288 insidiis
856 2230 961 2307 jussit:
986 2249 1055 2290 cum

69 2318 159 2388 parte
174 2312 281 2386 majore
296 2321 381 2388 atque
394 2309 474 2366 omni
488 2310 616 2385 equitatu
630 2311 785 2387 proiectus,
802 2309 845 2385 (id
859 2309 934 2385 quod
948 2328 1056 2384 quaere·

80 2389 143 2468 bat)
158 2389 334 2446 tumultuoso
347 2388 498 2446 etminaci
513 2408 626 2466 genere
646 2409 762 2467 pugnae,
777 2390 972 2464 adequitando
985 2388 1092 2464 ipsisas

78 2466 167 2543 prope
181 2467 278 2542 portis,
294 2469 404 2525 hostem
428 2469 554 2548 exciqit:
576 2469 652 2546 fugae
675 2489 798 2546 quoque,
811 2488 875 2544 qua
893 2468 1056 2525 simulanda

78 2557 149 2618 eret,
164 2548 266 2604 eadem
280 2547 420 2623 equestris
432 2569 531 2626 pugna
541 2568 660 2607 causam
673 2548 771 2607 mimis
782 2548 941 2607 mirabilem
956 2547 1056 2604 dedit:

78 2635 107 2683 et
132 2645 230 2701 quum,
245 2627 323 2685 velut
346 2627 421 2685 inter
443 2648 551 2706 pugnae
564 2630 695 2706 fugaeqne
720 2629 873 2686 consilium
894 2627 1056 2702 trepidante

77 2705 217 2780 equitatu,
244 2707 334 2781 pedes
346 2726 459 2782 quoque
473 2709 592 2766 referret
605 2710 737 2785 gradum,
751 2707 846 2784 plenis
859 2707 977 2781 repente
991 2725 1056 2780 por·

77 2783 114 2841 tis
128 2784 212 2840 effusi
227 2785 332 2852 hostes,
358 2785 480 2860 impulsa
501 2787 638 2844 Romana
664 2788 738 2858 acie,
752 2786 847 2842 studio
870 2784 997 2839 instandi
1011 2799 1092 2840 seso

78 2863 243 2938 quendique
269 2864 422 2919 trahuntur
449 2863 485 2919 ad
513 2864 610 2920 locum
636 2863 815 2919 insidiarum.
857 2860 931 2916 Inde
959 2859 1054 2917 subito

78 2941 169 3000 exorti
193 2941 323 2998 Romani
347 2951 539 2998 transversam
554 2940 694 2997 invadunt
707 2940 833 2996 hostium
848 2939 951 2995 aciem.
992 2939 1054 2996 Ad-

78 3021 152 3078 dunt
175 3039 309 3096 pavorem
333 3030 411 3077 mota
431 3037 448 3076 e
468 3019 574 3076 'castris
588 3019 672 3094 signa
685 3037 795 3090 eorum,
810 3018 860 3092 qui
875 3018 905 3075 in
918 3015 1053 3093 prae'sidio

76 3099 171 3159 relicti
195 3099 328 3156 fuerant:
359 3099 400 3156 ita
423 3098 575 3173 multiplici
601 3106 709 3154 terrore
732 3097 860 3172 perculsi
872 3097 1054 3171 Fidenates,

76 3177 157 3255 priris
180 3191 263 3253 paene
287 3176 373 3252 quim
397 3176 553 3256 Romulus!
577 3176 683 3251 quique
707 3194 774 3232 cum
798 3195 834 3233 eo
853 3171 936 3249 equis
949 3176 1091 3249 ierant,35

76 3258 309 3334 circumagerent
320 3256 409 3313 frenis
422 3276 521 3331 equos,
533 3268 615 3331 terga
626 3264 761 3324 vertunt:
775 3253 924 3328 multoque
934 3254 1054 3312 effusius

78 3337 197 3412 (quippe
218 3355 286 3393 vera
307 3335 400 3413 fuga),
415 3336 464 3410 qui
488 3333 657 3392 simulantes
670 3333 757 3410 paulo
770 3333 843 3410 ante
857 3334 949 3391 secuti
960 3345 1052 3408 erant,
1155 3381 1163 3394 .

75 3416 214 3492 oppidum
227 3416 412 3490 repetebant:
434 3425 613 3488 nontamen
631 3414 763 3490 eripuere
778 3433 808 3471 se
823 3413 918 3470 hosti:
940 3413 1054 3470 haerens

76 3496 108 3554 in
121 3506 203 3572 terga
224 3494 387 3566 Romanus,
400 3493 479 3569 priris
493 3493 580 3568 quarn
594 3494 669 3552 sores
678 3493 833 3570 'portarum
846 3492 1053 3570 objicerentur,

68 3575 155 3633 'vel-ut
169 3575 284 3652 agmine
299 3593 357 3632 uno
371 3573 511 3651 irrumpit.
941 3607 943 3612 ·
1063 3610 1089 3648 40

120 3670 161 3710 ff

115 3731 184 3789 XV.
206 3731 280 3790 Belli
294 3733 445 3790 Fidenatis
469 3735 642 3812 contagione
656 3733 758 3791 irritati
772 3731 941 3810 Vejentium
963 3719 1052 3788 animi

74 3821 103 3871 et
117 3813 368 3890 consanguinitate
381 3812 464 3891 (nam
477 3813 636 3874 Fidenates
649 3833 762 3893 quoque
777 3812 894 3872 Etrusci
909 3805 1051 3890 suerunt),
