2556 4314
7 303 8 310 ’
97 295 155 355 126
495 297 566 349 ΤΙΤΙ
582 298 669 349 LIVII
773 352 775 357 ,

92 437 187 496 desuit
210 447 334 508 auctor3
367 448 473 498 cetera
498 441 602 500 eodem
635 440 736 500 ordine
763 440 922 516 eodemque
949 439 1074 512 fortune

94 528 200 576 eventu
214 528 312 594 gesta:
333 518 403 594 quin
430 519 528 594 etiarn,
550 519 673 578 ducibus
687 520 816 596 captivis,
841 521 890 596 qui
905 521 979 578 caedi
1001 541 1071 580 noc·

94 606 186 655 turnae
210 597 419 673 superfuerant,
442 599 479 656 ad
503 599 588 658 aliam
611 618 730 658 manum
754 599 920 658 Tuscorum
942 599 979 656 ad
1001 601 1073 660 Sali-

94 695 147 733 nas
160 676 291 752 profecti,
305 687 391 736 nocte
415 678 578 754 insequenti
591 698 628 737 ex
641 679 795 756 improviso
804 679 947 756 majorem
961 681 1073 739 caedem

94 755 211 814 edidere
222 776 229 828 ;
252 757 423 834 duplicique
431 758 550 817 victoria
563 768 681 817 ovantes
694 758 783 836 Vejos
796 756 927 816 redeunt.
1095 773 1109 811 s

134 915 245 973 XLVI.
267 915 371 974 Rome
385 915 499 974 interim
508 915 676 994 plerumque
685 916 799 976 obsidio
812 917 919 992 segnis,
931 927 961 975 et
973 916 1073 976 utrim-

93 1014 149 1070 que
171 995 317 1057 silentium
341 1015 425 1054 esse:
447 996 483 1052 ad
505 996 534 1053 id
556 995 667 1054 tantum
689 996 809 1055 intentis
829 996 931 1070 Gallis,
955 997 1072 1072 nequis

94 1075 218 1133 hostium
232 1076 354 1134 evadere
368 1075 442 1133 inter
467 1075 604 1133 stationes
619 1086 735 1152 posset3
756 1094 845 1151 quum
859 1074 978 1155 repente
989 1077 1070 1152 juve·

93 1154 139 1211 nis
152 1152 305 1212 Romanus
326 1153 515 1212 admiratione
538 1154 569 1211 in
594 1173 625 1212 se
650 1155 728 1212 cives
752 1155 905 1230 hostesque
919 1155 1067 1214 convertit.

94 1233 277 1290 Sacrificium
298 1242 360 1290 erat
380 1243 486 1291 statum
503 1233 533 1290 iu
546 1233 695 1296 Quirinali
709 1234 783 1294 colle
797 1235 878 1310 genti
893 1234 1010 1292 Fabiae:
1032 1235 1068 1292 ad
1082 1245 1108 1285 10

92 1312 122 1369 id
137 1311 303 1370 faciendum
327 1313 362 1370 C,
377 1312 485 1370 Fabius
507 1312 611 1386 Dorso,
625 1313 740 1371 Gabino
753 1313 864 1387 cinctu,
883 1333 966 1371 sacra
979 1313 1070 1371 mani-

54 1437 57 1440 .
93 1391 147 1449 bus
160 1410 275 1468 gerens,
288 1411 376 1467 quum
391 1393 427 1449 de
441 1392 585 1468 Capitolio
597 1392 807 1466 descendisset,
817 1411 868 1468 per
881 1393 993 1450 medias
1006 1394 1071 1452 hos·

8 1481 9 1484 ’
92 1471 164 1528 tium
178 1471 317 1529 stationes
331 1490 474 1548 egressus,
483 1471 556 1529 nihil
571 1472 606 1529 ad
620 1490 721 1530 vocem
736 1472 906 1550 cujusquam
920 1482 1079 1531 terrorem-¹

92 1568 126 1608 ve
140 1561 244 1619 motus,
269 1551 300 1608 iu
320 1550 504 1613 Quirinalem
524 1550 627 1610 collem
646 1552 798 1627 pervenit:
820 1552 916 1627 ibique
935 1552 1071 1610 omnibus

92 1629 248 1688 solenniter
261 1630 397 1706 peractis,
410 1630 511 1687 eadem
525 1640 672 1688 revertens
685 1630 816 1688 similiter
830 1631 975 1690 constanti
989 1631 1107 1689 vultu1⁵

91 1709 251 1786 graduque,
265 1709 334 1768 satis
348 1728 466 1786 sperans
479 1709 615 1786 propitios
635 1728 698 1767 esse
719 1710 808 1778 Deos,
822 1729 943 1786 quorum
958 1711 1068 1768 cultum

91 1807 130 1845 ne
143 1789 242 1848 mortis
256 1789 372 1864 quidem
387 1799 465 1846 metu
478 1789 639 1864 prohibitus
652 1789 837 1863 deseruisset,
849 1791 878 1848 in
893 1789 1066 1865 Capitolium

91 1868 128 1924 ad
142 1865 215 1926 suos
222 1869 317 1942 rediit,
332 1887 383 1926 seu
397 1869 524 1926 attonitis
545 1869 636 1927 Gallis
649 1869 789 1928 miraculo
803 1869 941 1936 audaciae,
956 1887 1007 1926 seu
1021 1887 1066 1926 re-

90 1946 198 2023 ligione
212 1948 299 2005 etiam
313 1947 407 2019 motis,
422 1947 506 2025 cujus
530 1949 749 2024 haudquaquam
764 1949 915 2025 negligens
928 1957 972 2006 est
983 1966 1065 2024 gens.

91 2025 173 2103 Vejis
187 2027 302 2084 interim
316 2045 374 2084 non
397 2026 486 2084 animi
507 2026 617 2084 tantrim
643 2027 673 2085 in
696 2029 769 2102 dies,
792 2028 954 2086 sedetiam
977 2027 1105 2101 viresco

90 2105 279 2175 crescebant;
295 2125 351 2164 nec
365 2105 508 2165 Romanis
521 2105 614 2164 solitm
628 2105 664 2164 ed
676 2107 917 2165 convenientibus
930 2125 967 2164 ex
979 2106 1066 2182 agris,

90 2185 139 2260 qui
154 2205 171 2242 a
189 2185 289 2262 prcelio
310 2185 429 2244 adverso
450 2195 500 2243 aut
521 2185 604 2242 clade
625 2196 717 2262 captae
741 2186 820 2244 urbis
840 2186 927 2262 palati
942 2185 1067 2259 fuerant,

91 2265 142 2322 sed
156 2264 243 2322 etiam
257 2283 294 2322 ex
306 2263 391 2322 Latio
401 2264 567 2323 voluntariis
578 2265 801 2333 confluentibus,
813 2275 844 2322 ut
858 2265 887 2322 iu
901 2275 982 2340 parte
995 2283 1069 2340 prae-

89 2343 135 2403 dae
150 2353 255 2402 essent.
297 2342 448 2400 Maturum
466 2344 526 2420 jam
549 2344 710 2413 videbatur,
732 2344 823 2421 repeti
836 2343 969 2421 patriam,
982 2344 1069 2420 eripi·

90 2443 145 2498 que
159 2442 196 2480 ex
210 2421 334 2481 hostium
357 2423 508 2492 manibus3
530 2424 582 2480 sed
604 2425 716 2500 corpori
740 2424 834 2482 valido
858 2433 945 2498 caput
958 2423 1104 2481 deeratet

90 2503 188 2562 Locus
201 2502 261 2579 ipse
276 2502 450 2561 admonebat
474 2502 601 2576 Camilli,
615 2514 645 2560 et
658 2521 764 2580 magna
778 2521 844 2579 pars
857 2503 981 2560 militurn
995 2512 1067 2571 erat,

90 2583 139 2659 qui
153 2583 243 2642 ductu
258 2581 442 2659 auspicioque
456 2582 518 2660 ejus
532 2601 578 2641 res
592 2583 725 2660 prospere
740 2591 908 2658 gesserant:
930 2592 960 2639 et
973 2581 1068 2646 Credis

91 2664 155 2721 cius
169 2682 286 2740 negare,
309 2681 340 2720 se
364 2662 595 2736 commissurum,
611 2680 663 2720 cur
677 2661 732 2719 sibi
747 2671 797 2720 aut
810 2661 939 2720 Deorum
954 2671 1004 2718 aut
1017 2661 1068 2720 bo-

90 2743 202 2802 minum
216 2743 366 2817 quisquam
381 2739 533 2818 imperium
547 2741 643 2799 finiret
657 2739 758 2817 potiris,
780 2739 867 2816 qudm
883 2740 944 2816 ipse
958 2758 1068 2799 mernor

33 2816 38 2825 ¹
89 2822 199 2880 ordinis
210 2821 254 2877 sui
266 2830 398 2894 posceret
411 2821 620 2896 imperatorem.
642 2821 796 2879 Consensu
806 2820 936 2878 omnium
947 2819 1066 2897 placuit,
1076 2833 1103 2874 ao

91 2900 128 2957 ab
142 2900 240 2957 Ardet
264 2898 420 2957 Camillum
441 2900 554 2971 acciri3
572 2901 624 2958 sed
645 2911 732 2958 antea
745 2899 876 2957 consulto
890 2909 1003 2967 senatu,
1018 2899 1068 2974 qui

91 2979 196 3038 Romae
219 2987 314 3036 esset:
347 2977 419 3036 aded
445 2980 565 3056 regebat
590 2980 688 3038 omnia
713 2980 816 3056 pudor,
843 2979 1068 3054 discriminaque

90 3077 186 3117 rerum
210 3057 297 3133 prope
321 3056 441 3133 perditis
464 3059 551 3116 rebus
578 3060 739 3117 servabant.
794 3058 911 3134 Ingenti
938 3059 1069 3134 periculo
1143 3079 1151 3096 ·

90 3137 299 3196 transeundum
311 3155 362 3213 per
376 3137 501 3195 hostium
522 3139 668 3197 custodias
681 3148 758 3196 erat:
780 3139 817 3195 ad
838 3157 902 3196 eam
919 3157 980 3202 rem
995 3137 1070 3195 Pon-

91 3217 149 3276 tius
163 3216 324 3290 Cominius,
338 3217 460 3293 impiger
470 3217 596 3294 juvenis,
617 3237 733 3294 operam
754 3217 909 3293 pollicitus,
924 3217 1069 3275 incubans
1078 3231 1104 3271 35

91 3296 204 3369 cortici,
218 3297 347 3355 secundo
360 3295 463 3355 Tiberi
475 3298 511 3354 ad
525 3297 634 3355 Urbem
649 3296 776 3355 defertur
787 3316 795 3353 a
817 3297 894 3368 inde,
906 3299 962 3372 qud
975 3296 1069 3373 proxi·

92 3396 171 3435 mum
186 3376 271 3434 suita
294 3376 365 3452 ripe,
378 3396 429 3453 per
450 3386 636 3453 preruptam,
657 3375 748 3452 edque
762 3375 928 3454 neglectum
944 3376 1069 3434 hostium

92 3456 241 3524 custodia,
256 3475 356 3512 saxum
381 3456 411 3513 in
435 3455 612 3530 Capitolium
632 3456 749 3526 evadit3
770 3466 808 3528 et,
832 3456 870 3513 ad
884 3455 1069 3532 magistratus
1160 3473 1167 3481 ·
1257 3499 1260 3507 .

93 3537 208 3610 ductus,
229 3535 366 3594 mandata
388 3535 531 3592 exercitiis
550 3535 619 3593 edit.
661 3534 795 3612 Accepto
808 3535 877 3593 inde
891 3535 1007 3592 senatds
1020 3535 1070 3592 de-

93 3626 181 3687 creto,
207 3625 299 3684 utet,
325 3613 449 3671 comitiis
473 3613 592 3670 curiatis
612 3625 764 3673 revocatus
787 3615 824 3672 de
848 3614 959 3688 exsilio,
986 3614 1106 3691 jussusc

92 3695 190 3771 populi
204 3692 345 3751 Camillus
362 3691 485 3749 dictator
503 3693 648 3768 extemplo
672 3693 828 3768 diceretur,
842 3694 1004 3769 militesque
1019 3693 1070 3751 ha-

92 3773 194 3834 berent
207 3772 418 3850 imperatorem,
431 3788 518 3846 quem
531 3769 655 3844 vellent;
669 3773 771 3832 eidem
782 3773 936 3852 degressus
950 3771 1071 3832 nuntius
