2556 4314
664 179 679 205 ἱ

500 264 613 342 aranti
624 282 674 343 rx.
691 298 757 338 m.
774 260 813 340 13.
832 331 856 362 .,
1096 282 1154 342 149

156 453 226 496 -rae
258 433 472 496 consulendum
498 441 630 500 censent.
683 430 751 494 Jam
776 427 818 496 is,
847 427 941 506 gravis
967 425 1061 500 annis,
1093 444 1155 484 uon

180 510 355 574 militaribus
365 513 465 581 solum,
479 513 531 570 sed
545 509 677 577 civilibus
696 523 809 597 qunque
841 508 1017 564 abscesserat
1030 505 1156 562 muneri·

180 593 257 652 bns:
277 593 323 651 ,in
350 609 469 667 corpore
496 601 595 648 tamen
620 588 724 644 affecto
750 603 814 661 urge
836 595 869 646 at
898 585 941 642 vis
974 585 1062 642 enimi
1086 601 1165 656 con,

181 671 305 748 eiliique.
346 670 385 741 Is,
400 670 451 728 nbi
465 662 595 744 accepit,
608 668 645 722 ad
665 665 808 722 Furculas
828 663 977 735 Caudinas
996 663 1071 720 inter
1084 662 1156 721 duos

161 751 273 808 csaltus
286 749 400 826 clarnos
411 796 413 800 .
423 767 486 805 esse
508 745 652 806 exercitus
667 745 828 816 Romanos,
842 741 991 800 consultus
1005 741 1042 798 ab
1055 741 1157 798 nuntio

183 829 245 901 lilii,
260 821 498 900 censuit-omnes
522 825 590 882 inde
603 823 695 898 qubm'
711 822 836 896 primum
850 821 1000 880 inviolatos
1013 819 1158 877 dimitten-

95 903 100 912 ’
184 907 256 977 d0s;
275 925 339 981 quae
348 897 403 963 'ubi
417 915 512 979 spreta
525 901 680 960 sententia.
688 911 743 972 est,
755 901 929 974 iterumque,
950 899 1052 956 ecdem
1066 917 1158 970 reme·

183 995 251 1044 ante
274 983 386 1055 nuntio,
408 980 620 1048 consulebatur,
642 977 766 1050 censuit,
781 978 818 1035 ad
832 985 1039 1036 unurnomnes
1052 977 1159 1036 interfi-

182 1063 312 1120 ciendos.
352 1061 431 1122 Quae
446 1059 495 1117 ubi
512 1064 575 1117 'tam
594 1057 739 1116 discordia
752 1057 883 1129 interce,
898 1056 1026 1118 velutex
1040 1057 1159 1134 ancipiti

150 1141 306 1222 meraculo,
321 1157 458 1216 responsa
471 1137 539 1195 data
551 1147 638 1207 sunt3
653 1145 834 1212 ‚quamquam
848 1135 924 1193 lilius
937 1135 999 1210 ipse
1013 1135 1044 1193 in
1058 1136 1159 1211 primis

118 1221 120 1224 ’
179 1220 239 1298 jam
261 1219 528 1296 animumquoqne
552 1216 640 1293 patris
663 1215 851 1275 consenuisse
876 1213 906 1272 in
921 1214 1025 1272 affecto
1038 1233 1159 1292 corpore

181 1299 317 1376 rebatur5
337 1307 435 1358 temen
460 1315 605 1356 consensu
618 1295 757 1354 ‘omnium
781 1293 875 1352 victus
898 1302 951 1362 est,
972 1303 1005 1352 ut
1018 1293 1114 1369 ipsum
1128 1294 1159 1351 in

182 1378 338 1436 consilinm
361 1378 480 1435 acciret.
521 1375 587 1433 Nec
611 1384 744 1450 gravatus
769 1389 859 1430 senex
881 1369 1008 1450 plaustro
1021 1372 1052 1430 in
1066 1383 1163 1434 castra

182 1456 291 1515 dicitur
314 1457 462 1528 advectus,
482 1448 875 1528 vocatusque‘iffconsilium
888 1451 929 1510 ita
942 1451 1032 1510 ferme
1045 1452 1161 1511 locutus

149 1554 259 1605 laesae,
274 1545 307 1593 ut
318 1535 392 1592 nihil
406 1533 556 1592 sententiae
567 1551 627 1590 suae
640 1541 785 1599 mutaret3
807 1549 910 1590 causas
928 1529 1041 1589 aarum
1056 1532 1162 1609 adjice·

91 1615 95 1624 '
183 1624 249 1672 ret:
273 1624 293 1651 ‘⁴
305 1613 403 1672 Priore
425 1632 457 1672 se
474 1611 611 1684 ‘concilim
635 1611 711 1686 quod
734 1609 875 1686 optimum
889 1610 1018 1682 duceret,
1032 1629 1100 1667 cum
1113 1629 1163 1686 po-

185 1696 206 1724 “
217 1692 380 1751 tentissime
393 1692 498 1768 populo
510 1711 561 1768 per
575 1691 679 1768 ingens
692 1689 868 1762 beneficium
888 1698 1056 1764 perpetuam
1069 1689 1164 1766 firma·
1251 1731 1252 1736 ι

185 1774 205 1803 “
216 1790 257 1829 re·
265 1790 368 1847 pacem
392 1771 626 1845 amicitiamque:
648 1769 737 1826 altero
757 1767 882 1826 consilio
891 1767 924 1829 'tn
937 1767 1042 1824 multas
1055 1778 1162 1837 etates,

184 1858 204 1887 ‘⁴
216 1851 333 1926 quibus,
358 1850 475 1907 arnissis
495 1849 607 1907 duobus
621 1847 807 1926 exercitibus,
822 1846 899 1904 hand
914 1846 999 1904 facile
1013 1857 1164 1984 receqtura

148 1951 175 1991 ec
186 1937 206 1966 “
217 1929 296 1987 vires
321 1929 458 1987 Romana
478 1945 526 1986 res
546 1937 631 2002 esset,
646 1927 754 1984 bellurn
768 1925 900 1984 differre:
921 1925 1038 1988 tertium
1052 1927 1164 1986 nulum

185 2007 373 2066 “consilium
393 2008 503 2066 essc.''‹
525 2005 627 2070 Quum
651 2006 727 2063 filius
749 2006 853 2084 aliique
876 2005 1022 2082 principes
1043 2025 1163 2083 percon·

183 2087 277 2144 tando
299 2095 531 2162 exsequerentur,
553 2085 664 2147 “Quid
688 2086 712 2143 si
736 2085 836 2144 medie
857 2083 903 2144 via
916 2085 1030 2144 consilii
1044 2105 1161 2163 capere-

185 2174 280 2234 “tur;
301 2175 375 2223 utet
399 2165 610 2223 dimitterentur
631 2164 801 2236 incolumes,
816 2175 846 2222 et
868 2163 948 2240 leges
961 2164 997 2222 iis
1015 2166 1079 2242 jure
1094 2166 1162 2224 belli

184 2251 204 2280 ‘¹
216 2243 302 2302 victis
315 2243 530 2320 imponerentur
542 2245 553 2300 l
565 2244 582 2271 ’²
625 2244 717 2301 “Ista
740 2243 857 2318 quidem
870 2244 1046 2318 sententia,”
1060 2246 1164 2321 inquit,

147 2327 253 2392 as“‚ea
278 2332 332 2390 est,
359 2341 422 2397 quae
445 2340 540 2396 neque
566 2322 674 2380 etnicos
697 2326 789 2398 parat,
810 2341 904 2398 neque
927 2323 1062 2382 inimicos
1082 2324 1163 2384 tollit.

185 2409 205 2438 ‘⁴
217 2403 339 2458 Servate
353 2400 448 2472 modb,
462 2417 533 2474 quos
555 2400 716 2476 ignominie
735 2401 928 2458 irritaveritisr
950 2421 986 2459 ea
998 2414 1043 2460 est
1055 2403 1165 2464 Roma·

114 2485 116 2493 ’
185 2485 203 2512 “
216 2498 258 2537 na
271 2497 353 2553 gene,
367 2496 431 2552 quae
451 2477 528 2534 victa
550 2478 699 2551 quiescere
723 2478 844 2543 nerciat.
884 2479 972 2537 Vivet
995 2499 1108 2557 semper
1132 2483 1163 2541 in

186 2556 384 2633 “pectoribus
405 2555 527 2626 illorum,
552 2555 690 2629 quidquid
712 2555 787 2613 istuc
799 2573 926 2630 praesens
949 2561 1108 2622 necessitas
1121 2561 1164 2618 in·

186 2645 207 2673 ‘⁴
216 2635 342 2705 usserit3
363 2651 457 2708 neque
478 2651 529 2704 eos
552 2645 620 2694 ante
633 2633 806 2711 multiplices
821 2653 922 2710 pernas
935 2637 1075 2712 expetitas
1087 2657 1106 2697 a
1118 2659 1164 2700 ιο-
1206 2647 1208 2652 “

147 2737 175 2780 m
186 2720 205 2748 “
218 2715 265 2774 bis
278 2706 427 2789 quiescere
441 2711 544 2772 sinet·'’

227 2875 282 2934 IV.
302 2875 417 2935 Neutra
440 2876 585 2935 sententia
606 2876 736 2954 accepta,
751 2877 919 2936 Herennius
940 2878 1056 2939 domum
1070 2899 1086 2940 e
1100 2901 1163 2942 aas·

184 2954 239 3012 tris
253 2963 298 3011 est
310 2965 435 3012 avectus.
476 2955 515 3014 El
537 2957 569 3014 in
583 2955 685 3014 castris
698 2957 841 3016 Romanis
861 2977 950 3033 quum
963 2959 1067 3019 frustra
1079 2963 1161 3022 multi

186 3042 310 3100 conatus
324 3034 359 3091 ad
373 3036 583 3110 erumpendum
597 3036 675 3112 capti
688 3045 793 3105 essent,
809 3037 908 3113 etjam
920 3040 1051 3099 omnium
1065 3061 1162 3106 rerum

186 3111 286 3188 inopia
299 3123 393 3185 esset3
414 3114 483 3172 victi
507 3115 680 3173 necessitate
704 3114 814 3192 legatos
828 3117 956 3192 mittunt,
978 3121 1027 3195 qui
1040 3122 1163 3198 primum

147 3209 175 3250 ³5
185 3204 290 3267 pacem
304 3211 414 3267 aequam
438 3203 586 3270 peterent:
608 3195 632 3252 si
645 3214 748 3270 pacem
761 3215 820 3254 non
834 3196 1032 3274 impetrarent,
1046 3201 1087 3260 utl
1101 3221 1165 3279 pro·

185 3282 324 3329 vocarent
334 3273 370 3328 ad
384 3291 522 3349 pugnarn.
563 3273 644 3332 Tum
658 3273 786 3346 Pontius,
802 3281 819 3307 “
829 3275 1104 3354 debellatumesse,’'
1120 3300 1164 3339 re-

185 3349 318 3424 spondit:
335 3358 354 3385 “
366 3359 406 3418 et,
420 3352 556 3426 qnoniam
567 3370 604 3410 ne
613 3353 683 3411 victi
696 3353 812 3428 quidem
826 3374 861 3413 ac
874 3357 952 3432 capti
966 3357 1109 3418 fortunam
1124 3358 1165 3418 fa·

186 3426 270 3496 “teri
284 3427 402 3496 scirent,
424 3429 549 3487 inermes
562 3449 629 3488 curn
644 3431 773 3508 singulis·
787 3434 965 3494 vestimentis
988 3438 1042 3494 sub
1059 3437 1163 3512 jugum

187 3513 208 3542 “
218 3505 372 3563 missurum
382 3526 389 3562 r
401 3507 472 3564 alias
482 3509 662 3567 conditiones
672 3511 752 3587 pacis
764 3532 859 3588 aequas
869 3515 954 3572 victis
964 3533 999 3570 ac
1007 3513 1163 3572 victoribus

146 3602 175 3643 ιι
187 3593 208 3621 “
219 3582 298 3654 lore3
320 3585 345 3641 si
366 3604 435 3662 agro
449 3587 623 3645 Samnitium
633 3590 836 3665 decederetur,
850 3592 971 3650 colonie
985 3590 1163 3651 abduceren-

187 3673 209 3702 “
220 3673 276 3732 tur,
291 3664 351 3721 auis
364 3665 469 3724 deinde
483 3667 596 3744 legibus
610 3668 778 3738 Romanum
793 3689 828 3728 ac
842 3669 1003 3728 Samnitem
1018 3687 1099 3743 aequo
1113 3670 1164 3730 soe-

187 3743 288 3802 “dere
302 3743 454 3840 victurum.
495 3747 781 3885 Hiqqqnditionibus
793 3758 925 3823 paratum
939 3765 970 3803 se
991 3765 1055 3805 esee
1070 3749 1163 3810 foedus
