2556 4314
465 266 798 330 'umentem-xm.
906 278 912 290 ¹
969 274 979 287 ‘
1081 272 1124 334 23
1161 275 1174 303 '¹

153 416 215 494 plus
240 416 368 493 quinque
399 417 492 494 millia
514 431 652 494 passuum
682 418 789 485 locent,
817 415 893 476 ἰωή
919 413 1122 482 circumdent:

152 496 353 560 fosscCluilio
377 497 414 554 ab
435 496 652 556 nomine.ducis
664 515 714 572 per
741 497 847 571 aliquot
864 495 971 558 secula
983 495 1124 571 appellate

151 585 205 643 est,
220 576 317 634 donec
332 595 401 634 cum
414 595 446 634 re
460 595 566 634 nomen
579 594 692 652 quoque
705 576 845 632 vetustate
858 574 989 634 abolevit
1029 573 1064 631 In
1078 573 1124 632 his

150 654 255 712 castris
278 655 402 713 Cluilius
424 655 557 714 Albanus
580 675 632 712 rex
654 653 795 722 moriturr
825 654 994 717 dictatorem
1018 651 1124 710 Albani

124 730 280 791 ⁵Mcttum
294 732 450 792 Fuffetium
465 744 573 791 creant.
616 733 736 791 Interim
759 732 865 790 Tullus
878 733 967 804 ferox,
980 729 1125 807 precipuo

149 822 245 870 morte
267 813 352 889 regis,
376 831 569 889 magnumque
593 811 723 870 Deorum
744 831 865 879 numen,
886 811 924 868 ab
946 810 1010 886 ipso
1030 809 1126 885 cupite

148 909 260 964 orsum,
274 892 304 948 in
317 911 403 950 omne
417 911 522 950 nomen
533 892 681 948 Albanum
694 891 887 966 expetiturum
900 908 1002 964 poenas
1015 888 1053 946 ob
1067 887 1126 946 bel·

149 967 212 1025 lum
233 970 352 1045 impium
374 971 521 1044 dictitans,
535 981 631 1044 nocte,
644 969 795 1046 preteritis
816 969 941 1028 hostium
955 966 1126 1041 caenisiu-

152 1045 225 1109 festo
237 1049 368 1112 exercitu
381 1050 412 1106 in
427 1069 528 1126 agrum
542 1050 691 1126 Albanum
703 1048 807 1124 pergit.
847 1047 893 1108 Ea
905 1066 952 1105 res
965 1047 1002 1106 ab
1016 1046 1127 1106 stativis

76 1186 81 1195 ,
112 1135 141 1176 1⁰
151 1125 257 1184 excivit
277 1126 421 1186 Mettum:
443 1130 534 1202 ducit,
552 1127 640 1205 qurlm
660 1127 792 1204 proxime
816 1128 853 1184 ad
877 1127 988 1186 hostem
1011 1136 1125 1202 potestr

152 1203 221 1272 inde
234 1205 360 1284 legatum
378 1209 561 1283 'praemissum
585 1208 720 1267 nuntiare
741 1205 831 1264 Tullo
841 1206 933 1283 jubet,
958 1206 1124 1282 priusquam

152 1283 301 1354 dimicent,
326 1306 399 1363 opus
423 1306 487 1346 esse
508 1287 673 1362 colloquio:
705 1286 729 1346 ri
754 1305 854 1344 secum
877 1303 1051 1361 congressus
1077 1285 1124 1354 sit,

149 1362 220 1419 sctis
242 1365 327 1437 scire,
341 1385 377 1422 ea
397 1385 429 1422 se
453 1367 617 1440 allaturum,
630 1377 694 1441 quae
714 1365 806 1424 nihilo
826 1361 924 1422 minus
937 1365 1050 1422 adrem
1063 1363 1126 1422 Ro·

147 1457 275 1510 munem,
295 1443 432 1518 quemad
451 1446 607 1518 Albanam,
620 1445 793 1520 pertineant.
834 1443 923 1502 Haud
937 1443 1127 1519 adspernatus

109 1531 137 1574 1⁵
148 1517 266 1588 Tullus,
279 1524 396 1582 temetsi
409 1542 483 1580 vona
496 1525 698 1591 afferebantur,
713 1523 743 1580 in
758 1521 852 1580 eciem
864 1521 972 1578 educit.
1009 1521 1128 1582 Exeunt

146 1599 254 1660 contri
279 1609 310 1654 et
337 1599 455 1656 Albani.
499 1600 654 1673 Postquam
678 1599 813 1657 instructi
834 1601 977 1672 utrimque
1003 1600 1128 1673 stabunt,

147 1693 221 1736 oum
244 1677 348 1752 paucis
374 1695 526 1753 procerum
550 1677 580 1735 in
603 1677 733 1736 medium
752 1678 841 1734 duces
860 1678 1030 1753 procedunt.
1082 1677 1128 1736 Ibi
1188 1675 1192 1683 ’

149 1754 214 1812 infit
235 1755 393 1812 Albanus:
416 1761 435 1788 “
446 1755 580 1831 InjuriaS‚
594 1764 625 1816 et
648 1773 708 1813 non
731 1755 858 1813 redditas
880 1773 927 1812 rer
950 1774 987 1814 ex
1010 1755 1127 1826 sordere,

152 1841 171 1869 ‘⁴
181 1851 246 1907 quae
259 1834 389 1909 repetitae
403 1834 470 1906 sint,
486 1846 515 1892 et
525 1854 581 1910 ego
593 1853 692 1911 regem
703 1845 834 1892 nostrum
848 1833 997 1908 Cluilium,
1011 1853 1128 1894 causam

111 1924 141 1966 so
153 1911 305 1988 “hujusce
326 1931 390 1970 esse
414 1913 491 1980 belli,
514 1914 629 1972 audisse
653 1913 770 1972 videor:
791 1932 847 1971 nec
862 1927 890 1971 te
904 1913 1014 1986 dubito,
1028 1913 1126 1989 Tulle,

153 1994 172 2022 “
182 1991 288 2048 eedem
300 2011 359 2066 prae
382 2001 410 2048 te
424 1991 497 2049 ferre
510 2012 517 2048 ι
530 1993 600 2065 -sed,
625 1992 650 2052 si
671 2011 738 2050 vers
750 1991 856 2069 potiris,
869 1989 956 2068 quim
970 1992 1050 2056 dictu
1064 2009 1127 2070 spe-

152 2073 171 2100 “
183 2069 274 2142 ciosa,
289 2071 414 2130 dicenda
427 2081 502 2139 sunt,
516 2070 623 2146 'cupido
637 2071 749 2148 imperii
763 2073 835 2130 duos
849 2082 989 2148 cognatos
1002 2071 1127 2132 vicinos·

153 2156 239 2224 “que
263 2150 382 2224 populos
406 2150 442 2207 ad
466 2169 545 2208 arma
565 2151 701 2208 stimulat.
741 2151 857 2226 Neque,
871 2150 951 2210 recte
975 2169 1127 2226 superpe-

153 2229 173 2257 “
184 2244 256 2300 ram,
270 2228 456 2303 interpretor:
479 2229 565 2305 fuerit
588 2230 643 2288 ists
663 2231 726 2306 ejus
746 2230 925 2298 deliberatio,
947 2230 996 2305 qui
1018 2229 1126 2290 bellum

114 2307 174 2362 ον’
187 2307 334 2380 suscepit:
374 2327 421 2368 me
449 2308 558 2366 Albani
584 2310 713 2385 gerendo
744 2309 820 2367 bello
846 2310 952 2366 ducem
979 2307 1125 2366 creavere.

153 2393 174 2443 θ’
185 2383 262 2441 Illud
276 2393 313 2458 te,
327 2385 425 2454 Tulle,
440 2388 582 2445 monitum
594 2385 698 2446 velim:
719 2387 844 2446 Etrusca
856 2407 915 2459 res,
926 2397 1034 2462 quanta
1047 2388 1127 2445 circo

152 2466 235 2520 “nos
258 2474 340 2539 teque
365 2464 493 2523 maxime
517 2467 563 2534 sit,
578 2486 634 2540 quo
647 2467 794 2542 propiores
812 2485 872 2533 vos,
886 2467 942 2522 hoc
952 2465 1046 2540 magis
1060 2466 1125 2523 scis.

153 2545 171 2600 ‘.‘
183 2539 308 2600 Multum
323 2544 366 2601 illi
390 2547 476 2616 terri,
489 2543 646 2619 plurimum
669 2545 742 2602 meri
761 2544 880 2619 pollent.
922 2543 1037 2600 Memor
1055 2554 1127 2616 esto,

152 2622 170 2650 “
178 2619 248 2696 jum,
259 2642 347 2697 quum
362 2623 479 2698 signum
493 2641 598 2699 pugnae
613 2623 705 2689 dabis,
717 2623 773 2682 has
785 2623 858 2678 duas
871 2619 949 2678 acies
962 2621 1128 2696 spectaculo

116 2706 171 2756 ro“
184 2699 262 2770 sore;
284 2702 426 2760 ut-fessos
450 2702 665 2778 confectosque,
680 2701 765 2758 simul
787 2699 924 2757 rictorem
949 2719 984 2756 uc
1007 2699 1125 2776 victum,

152 2785 171 2814 ‘⁴
183 2781 415 2854 aggrediantur..
438 2780 550 2856 Itaque,
565 2779 589 2839 si
613 2800 667 2844 nos
690 2780 739 2838 Dii
761 2788 870 2847 amant,
884 2779 1038 2854 quoniam,
1066 2801 1125 2840 non

152 2859 311 2916 “contenti
337 2859 469 2916 libertate
501 2861 590 2925 certet,
621 2859 651 2914 in
679 2858 796 2916 dubiam
822 2858 935 2933 imperii
962 2859 1125 2936 servitiique

146 2943 171 2989 .“
185 2935 280 2994 aleam
302 2936 387 3004 imus,
401 2937 532 2995 ineamus
556 2935 681 3011 aliquam
702 2937 788 3010 viam,
801 2939 858 3012 qud
881 2937 938 2995 utri
951 2939 1023 2997 utris
1036 2940 1126 3014 impe-

152 3017 171 3045 “
183 3023 261 3080 rent,
289 3014 351 3070 sine
372 3017 475 3090 magni
498 3015 592 3083 clade,
617 3015 680 3072 sine
703 3015 793 3073 multo
815 3017 956 3092 sanguine
977 3019 1125 3094 utriusque

115 3111 140 3150 ³5
151 3101 172 3129 “
184 3090 293 3168 populi,
308 3089 424 3150 decerni
446 3094 562 3169 possit.''
605 3093 693 3150 Haud
707 3093 840 3169 displicet
853 3113 900 3151 res
914 3095 1012 3164 Tullo,
1027 3117 1125 3172 quam·

139 3189 248 3244 quem,
271 3177 333 3236 turn
354 3172 450 3230 indole
472 3172 572 3246 animi,
594 3181 659 3229 tum
678 3189 730 3248 spe
754 3172 890 3241 victorie,
912 3173 1033 3234 ferocior
1054 3187 1136 3240 erut..

149 3248 359 3384 &percutiens
380 3253 523 3327 utrimque
546 3251 618 3310 ratio
631 3251 731 3325 initur,
744 3251 792 3310 cui
810 3263 839 3312 et
852 3252 966 3310 fortuna
979 3254 1042 3331 ipss
1055 3272 1139 3332 pre-¹
1190 3331 1195 3342 ι

171 3338 214 3388 ult
227 3339 387 3388 materiam.

190 3483 310 3546 XXIV.
328 3487 418 3546 Forte
443 3489 473 3546 in
487 3487 599 3546 duobus
613 3497 675 3546 turn
696 3487 871 3548 exercitibus
884 3498 967 3546 erant.
980 3489 1127 3565 trigemini

116 3583 141 3625 tt
151 3563 264 3633 fratres,
277 3584 334 3623 nec
348 3578 430 3625 estate
451 3587 508 3625 nec
522 3568 629 3626 viribus
641 3568 779 3644 dispares.
821 3568 957 3626 Horatios
971 3564 1128 3648 Curiatios-

151 3663 207 3720 que
229 3643 330 3720 fuisse,
352 3647 421 3703 sutis
444 3657 580 3716 constat3
606 3666 662 3704 nec
686 3646 776 3704 ferme
797 3665 844 3703 res
868 3643 986 3712 antiqua
1006 3639 1063 3694 alta
1084 3646 1129 3690 est

153 3723 295 3785 nobilior:
317 3736 417 3784 temen
440 3725 526 3784 inre
549 3725 609 3783 tam
632 3725 713 3783 cleri
732 3723 884 3812 nominum
907 3733 985 3770 er101
1009 3716 1128 3776 maneti
