2520 4310
436 297 543 356 LIBER
555 299 668 352 xxvn.
685 313 749 351 oon.
765 311 848 348 xarrr.
1071 297 1133 362 m

157 438 212 523 que
225 443 402 520 aliquamdiu
425 444 533 518 hostes,
557 442 653 502 citatis
676 441 758 517 equis
783 458 890 518 agmen
912 457 1029 522 suorum
1055 459 1133 500 asse·

155 535 292 601 quantur.
314 523 435 596 Consul,
448 523 499 583 ubi
513 519 659 581 silentium
681 520 712 578 in
733 522 844 594 castris,
858 530 888 578 et
900 535 1058 595 nepaucos
1072 521 1132 596 qui·

156 605 234 671 dem,
249 601 301 677 qui
315 602 409 679 primd
431 603 498 660 luce
510 599 785 668 obambulaverant,
799 609 879 675 parte
900 598 960 656 ulla
984 600 1131 669 cernebat,

155 682 270 741 duobus
282 681 429 755 equitibus
442 680 632 758 speculatum
654 679 684 736 in
698 689 793 737 castra
805 677 968 754 premissis,
982 687 1134 753 postquam

133 759 226 818 ssatis
239 768 301 817 tuta
320 759 420 825 omnia
442 777 506 816 esse
529 757 709 834 exploratum
733 766 788 830 est,
800 755 900 814 inferri
924 757 1009 832 signa
1029 756 1133 833 jussit:

156 839 324 913 tantumque
345 838 385 895 ibi
402 833 546 906 moratus,
561 837 631 895 dum
644 837 750 894 milites
765 835 942 911 adpraedam
957 835 1133 909 discurrunt,

141 933 224 975 ‘rece
245 917 287 974 tui
301 917 406 974 deiude
420 915 539 986 cecinit,
563 913 800 989 multoqueante
823 923 941 972 noctem
964 913 1064 989 copias
1090 932 1135 972 re·

156 995 197 1054 du
240 1039 247 1053 .
288 994 406 1052 Postero
429 995 477 1052 die
490 993 584 1070 primi
604 993 840 1069 luceprosectus‚
854 993 968 1068 magnis
981 991 1134 1051 itineribus

154 1072 261 1130 samam
282 1083 312 1130 et
338 1073 459 1148 vestigia
479 1071 603 1148 agminis
623 1089 757 1145 sequens,
779 1070 856 1127 haud
879 1071 980 1145 procul
1001 1071 1134 1130 Venusid

121 1151 265 1209 robostem
288 1151 457 1228 assequitur.
509 1150 555 1207 Ibi
582 1169 697 1225 quoque
723 1149 910 1207 tumultuaria
936 1167 1036 1225 pugna
1059 1150 1132 1208 suit:

154 1248 240 1306 supra
253 1227 310 1287 duo
324 1229 414 1287 millia
427 1229 582 1288 Poenorum
596 1247 681 1286 caesa.
723 1227 797 1286 Inde
811 1229 962 1285 nocturnis
976 1229 1133 1286 montanis-

153 1326 210 1386 que
223 1308 375 1370 itineribus
399 1308 517 1380 Poenus,
542 1327 580 1366 ne
601 1309 698 1366 lo'cum
711 1307 861 1384 pugnandi
875 1308 966 1380 daret,
981 1306 1134 1383 Metapon-

153 1395 217 1444 tum
231 1386 322 1461 petiit.
364 1387 473 1444 Hanno
491 1386 565 1447 jude
581 1385 620 1462 (is
644 1387 723 1444 enim·
735 1386 870 1463 praesidio
883 1387 945 1462 ejus
958 1386 1015 1444 loci
1029 1386 1133 1462 praefu-

155 1463 231 1598 era?
246 1464 278 1520 in
299 1464 426 1536 Bruttios
451 1483 519 1521 curn
543 1465 643 1539 paucis
666 1466 703 1521 ad
717 1465 875 1522 exercitum
897 1485 1003 1524 novum
1017 1483 1133 1541 compa·

122 1557 208 1599 rsrau
230 1560 280 1599 um
294 1543 407 1600 missus.
449 1542 609 1610 Hannibal,
624 1542 715 1616 copiis
736 1543 798 1618 ejus
812 1543 848 1599 ad
863 1563 929 1600 suas
944 1544 1059 1618 additis,
1073 1544 1133 1603 Ve-

155 1619 271 1677 nusiam
285 1630 371 1689 retro,
395 1620 500 1696 quibus
520 1631 639 1677 venerat
662 1621 823 1692 itineribus,
838 1622 950 1696 repetit,
964 1632 1049 1696 atque
1062 1622 1132 1682 inde

155 1697 318 1757 Canusium
342 1700 481 1776 procedit.
521 1699 679 1774 Nunquam
703 1699 784 1758 Nero
804 1700 932 1775 vestigiis
945 1701 1034 1758 hostis
1047 1701 1134 1758 absti-

155 1786 246 1836 terat:
268 1788 298 1834 et
310 1777 350 1840 Q.
366 1777 511 1851 Fulvium,
535 1781 623 1852 quoni
648 1779 849 1854 Metapontum
863 1779 924 1854 ipse
938 1778 1133 1859 proficiscere·

154 1866 209 1928 tur,
223 1856 256 1914 'rra
270 1855 416 1932 Lucanos,
430 1874 467 1915 ne
482 1857 562 1934 regio
581 1875 617 1914 ea
630 1857 693 1914 sine
706 1857 840 1933 presidio
853 1868 939 1926 esset,
954 1858 1131 1918 arcessierat.

119 2027 145 2068 ao
194 2012 311 2071 XLIII.
334 2013 415 2072 Inter
433 2014 496 2071 haec
518 2014 554 2070 ab
569 2012 763 2086 Hasdrubale,
777 2024 927 2089 postquam
943 2013 1131 2074 aPlaoentiae
1159 2012 1177 2074 ἑ,

152 2091 305 2150 obsidione
327 2093 476 2166 abscessit,
503 2103 623 2168 quatuor
650 2093 727 2151 Galli
753 2094 874 2167 equites,
898 2094 957 2150 duo
982 2094 1130 2169 Numida,

153 2189 222 2228 cum
245 2171 335 2229 literis
356 2173 392 2230 ad
414 2171 610 2230 Hannibalern
630 2173 720 2240 missi,
745 2191 832 2247 quum
846 2191 897 2247 per
911 2172 1021 2230 medios
1034 2174 1131 2231 hostes

151 2259 241 2308 totam
256 2249 345 2309 ferme
369 2251 448 2328 longi
461 2252 580 2309 udinem
594 2252 685 2309 Italiae
699 2251 811 2309 emensi
831 2262 938 2318 essent,
954 2252 1022 2309 dum
1037 2251 1131 2309 Meta·

151 2339 272 2402 pontum
287 2331 439 2388 cedentem
486 2331 650 2388 annibalem
664 2342 833 2404 sequuntur,
847 2331 965 2390 incertis
979 2329 1130 2389 itineribus

119 2404 317 2462 &Tarentum
331 2407 428 2474 delati,
444 2427 461 2464 a
483 2409 563 2484 vagis
586 2427 637 2482 per
651 2427 735 2484 agros
757 2408 972 2484 pabulatoribus
986 2410 1130 2467 Romanis
1161 2423 1167 2430 “
1185 2439 1190 2454 ·

154 2483 192 2540 ad
204 2483 246 2545 Q.
262 2484 418 2541 Claudium
441 2495 642 2560 propraetorem
657 2486 850 2543 deducuntur.
891 2487 969 2542 Eum
982 2486 1074 2561 primo
1087 2488 1132 2545 in·

153 2561 242 2619 certis
255 2561 438 2643 implicantes
451 2563 605 2638 responsis,
619 2572 651 2619 ut
671 2573 765 2619 metus
778 2573 984 2621 tormentorum
998 2566 1130 2623 admotus

153 2639 237 2698 lateri
251 2659 318 2698 vera
339 2641 446 2717 coegit,
460 2642 649 2712 edocuerunt,
673 2641 770 2697 literas
794 2659 824 2696 se
846 2640 882 2696 ab
896 2641 1079 2698 Hasdrubale
1093 2644 1129 2700 ad

52 2751 54 2756 ·
152 2717 351 2776 Hannibalem
375 2719 457 2777 serre.
499 2719 634 2777 Cauniis
658 2718 758 2790 literis,
785 2713 860 2774 sic'ut
883 2729 973 2791 erant,
998 2720 1128 2796 signatis,

12 2833 13 2836 =
118 2804 143 2845 ³⁰
152 2795 186 2854 L.
201 2798 337 2874 Virginio
350 2799 466 2856 tribuno
479 2798 602 2855 militum
616 2797 744 2854 ducendi
759 2797 794 2853 ad
810 2796 965 2867 Claudium
978 2799 1128 2860 consulem
1152 2809 1160 2824 ”

152 2877 324 2934 traduntur:
345 2878 410 2934 dure
434 2876 519 2934 simul
551 2886 652 2933 turmae
680 2876 855 2934 Samnitium
886 2877 1012 2952 praesidii
1037 2879 1128 2940 causi
1213 2927 1219 2940 .

152 2955 257 3012 missae.
298 2954 361 3016 Qui
375 2955 426 3012 ubi
449 2955 486 3012 ad
507 2954 656 3013 consulem
669 2967 870 3031 pervenerunt,
885 2957 1030 3034 literaeque
1043 2960 1127 3018 lecta

152 3049 205 3106 per
215 3032 410 3108 ,interpretem
434 3044 512 3102 sunu
526 3044 555 3092 et
569 3053 605 3091 ex
619 3034 739 3110 captivis
752 3036 930 3113 perqqptatio
944 3036 1020 3096 sacta
1032 3058 1040 3108 3
1063 3050 1127 3098 tum

153 3109 305 3179 Claudius,
319 3130 377 3169 non
391 3112 421 3170 id
435 3124 548 3189 tempus
561 3131 624 3170 esse
646 3113 812 3191 reipublicae
826 3125 914 3183 ratus,
928 3135 985 3191 quo
998 3119 1127 3179 consiliis

118 3189 304 3264 &ordinariis
326 3191 482 3266 provincia
503 3211 563 3249 suae
577 3192 697 3267 quisque
718 3193 824 3253 linibus
837 3209 888 3270 p'er
901 3197 1045 3255 exercitus
1058 3216 1126 3257 suos
1156 3197 1162 3206 ’

152 3280 221 3324 cum
234 3267 314 3326 hoste
336 3270 482 3356 ¹destinato
506 3271 543 3328 ab
567 3282 669 3328 senatu
693 3271 800 3330 bellum
821 3285 943 3348 gereret,
959 3267 1125 3334 audendum

153 3344 259 3419 aliquid
274 3345 468 3420 improvisum,
480 3348 669 3422 inopinatum,
680 3352 756 3425 quod
770 3363 896 3426 ooeptum
911 3373 970 3411 non
984 3353 1125 3410 minorem

152 3421 229 3497 apud
253 3422 331 3479 cives
351 3423 437 3498 qudm
461 3427 558 3483 hostes
581 3434 716 3486 terrorem
739 3430 857 3498 faceret,
878 3439 1072 3514 perpeflatum
1094 3430 1125 3488 irl

152 3515 289 3576 magnam
309 3501 438 3560 laetitiam
451 3521 489 3561 ex
511 3521 617 3580 magno
630 3516 707 3564 metu
728 3519 868 3579 verteret3
890 3508 979 3565 literis
993 3505 1125 3565 Hasdru·

117 3574 225 3636 obdis
238 3578 365 3636 Romam
388 3581 425 3638 ad
446 3592 578 3642 senatum
602 3584 707 3658 missis,
720 3587 805 3644 simul
823 3597 853 3644 et
867 3587 927 3660 ipse
941 3585 1042 3641 Patres
1054 3601 1124 3643 con·
1158 3607 1166 3624 ⁴

151 3656 282 3734 scriptos,
306 3658 376 3732 quid
388 3661 519 3736 pararet,
543 3663 655 3737 edocet,
679 3673 721 3732 ut,
744 3683 834 3739 quum
852 3664 882 3720 in
896 3661 1016 3720 Umbria
1030 3679 1061 3720 se
1074 3681 1124 3722 oc·

149 3747 303 3806 cursuum
324 3736 489 3801 Hasdrubal
512 3741 591 3803 fratri
612 3742 729 3814 scribat,
752 3743 928 3819 legionema
944 3739 1049 3820 Capua
1062 3741 1123 3803 rto-
