2556 4314
106 301 147 360 42
442 366 449 380 Ι
509 302 579 352 ΤΙΤΙ
596 301 682 352 Lrvrt
738 305 741 312 ’

108 454 171 501 tum
185 443 283 501 oaeteri
305 454 486 501 servaverant
507 447 612 542 reges)
629 445 735 504 viritim
758 445 925 521 suffragium
938 447 1083 506 οιιιιιιι’
1055 469 1084 507 ιι

108 522 300 598 eodemque
289 541 354 598 Jure
377 523 540 598 promiscue
564 525 700 584 omnibus
714 525 813 581 datum
827 535 889 581 est:
911 527 965 582 sed
976 529 1084 618 grades

109 600 188 669 facti,
203 613 236 659 ut
249 620 343 676 neque
366 603 500 660 exclusus
517 603 667 693 quisquam
682 603 817 678 suffragio
831 604 986 677 videretur,
998 616 1027 663 et
1040 607 1084 664 vis
1152 613 1159 622 ‘

108 697 209 738 omnes
222 699 312 772 penes
335 681 473 758 primores
497 682 619 740 civitatis
640 692 727 739 esset.
766 681 886 758 Equites
906 684 986 740 enim
1000 702 1084 742 vocu-

9 749 10 788 t
108 759 213 816 bantur
226 760 329 835 primi3
350 761 497 856 octoginta
510 761 578 818 inde
591 761 693 836 ιιιιιιιιι,
705 761 806 818 classis
826 763 982 821 centuriae·
1004 763 1081 820 ibi'
1058 783 1083 821 sr
1104 777 1119 814 ⁵

9 841 17 882 ἱ.
108 838 240 913 variaret,
255 840 330 914 quod
342 859 405 896 raro
393 839 576 907 incidebat,
588 850 620 896 ut
632 841 779 897 secundae
777 841 883 898 classis
894 854 1082 900 vocarentur:

108 933 165 974 nec
179 917 238 975 fere
252 937 378 992 unquam
399 917 475 975 infra
498 919 538 976 ita
561 920 781 992 descenderent,
795 930 827 977 ut
841 921 878 978 ad
890 921 1007 978 infimos
1019 941 1083 997 per-

9 997 11 1058 }
105 996 247 1054 venirent.
289 998 320 1054 N
321 1016 356 1054 ec
369 997 467 1055 mirari
480 1007 600 1073 oportet,
614 999 693 1055 hunc
713 999 855 1066 ordinem,
870 999 919 1073 qui
933 1019 1014 1057 nunc
1028 1011 1081 1073 est,

107 1086 172 1151 post
194 1077 322 1152 expletas
345 1076 474 1166 quinque
495 1087 525 1133 et
547 1077 666 1167 triginta
689 1077 790 1150 tribus,
814 1078 961 1169 duplicato
982 1097 1081 1136 earum

9 1177 14 1228 ι
106 1172 237 1222 numero,
263 1155 401 1212 centuriis
413 1155 559 1230 juniorum
586 1157 798 1230 seniorumque,
813 1158 849 1213 ad
868 1157 1031 1215 institutam
1045 1159 1081 1214 ab
1092 1172 1117 1210 ro

9 1261 12 1298 ι
108 1233 209 1298 Servio
222 1231 322 1290 Tullio
346 1252 488 1301 summam
512 1253 569 1291 non
586 1235 761 1292 convenire.
783 1235 988 1309 quadrifariam
1003 1236 1081 1294 enim

9 1359 12 1392 ,y
106 1311 177 1368 urbe
199 1312 289 1369 divisa
314 1312 481 1390 regionibus
505 1313 693 1388 collibusque,
707 1333 771 1388 quae
785 1314 951 1371 habitantur
975 1326 1080 1390 partes,

61 1461 66 1468 α
106 1390 231 1448 Tribus
240 1411 289 1448 eas
314 1391 484 1467 appellavit3
506 1401 538 1449 ut
561 1411 616 1466 ego
639 1392 771 1475 arbitror
796 1393 832 1448 ab
853 1393 981 1462 tributo;
1013 1412 1081 1450 nam

105 1469 169 1545 ejus
192 1489 304 1544 quoque
328 1471 473 1544 aequaliter
487 1490 523 1527 ex
547 1488 636 1527 censu
651 1438 819 1528 conferendi
844 1472 881 1528 ab
894 1435 1017 1529 eodein
1010 1473 1082 1528 mita

104 1548 178 1606 ratio
191 1559 244 1606 est
284 1549 388 1623 Neque
413 1550 457 1606 hae
479 1548 569 1606 tribus
583 1549 618 1604 ad
640 1549 835 1608 centuriarum
849 1549 1080 1609 distributionem
1091 1567 1117 1608 1⁵

105 1645 314 1702 numerumque
328 1628 483 1705 quidquam
496 1627 672 1704 pertinuere.
711 1647 713 1652 ’

144 1784 255 1844 XLIV.
278 1786 626 1862 Censupersecto,.quem
650 1797 842 1850 maturaverat
865 1792 945 1846 metu
958 1788 1030 1863 legis
1044 1789 1081 1844 de
1105 1823 1112 1834 ·

74 1865 233 1923 *incensis
254 1867 319 1923 latae
343 1885 411 1923 cum
434 1866 614 1923 vinculorum
638 1867 725 1923 minis
746 1866 910 1940 mortisque,
933 1867 1033 1933 edixit,
1048 1877 1082 1924 ut

104 1963 205 2002 omnes
229 1945 307 2001 cives
332 1944 471 2015 Romani,
485 1945 595 2018 equites
618 1945 799 2019 peditesque,
820 1945 851 2001 in
875 1945 935 2002 suis
958 1945 1078 2020 quisque

9 2073 10 2100 ἶ
104 2022 253 2096 centuriis,
268 2022 298 2079 in
313 2021 425 2096 Campo
449 2022 555 2080 Martio
575 2023 666 2098 prima
689 2024 756 2080 luce
780 2024 923 2082 adessent
965 2023 1011 2082 Ibi
1035 2024 1117 2080 ιιι-ιι

9 2123 16 2134 ·
103 2112 245 2158 structum
268 2101 428 2158 exercitum
445 2120 561 2158 omnem
575 2103 812 2160 suovetaurilibus
824 2103 970 2160 lustravit·
992 2103 1079 2176 idque

104 2181 247 2238 conditum
269 2181 388 2237 lustrum
412 2180 594 2266 appeliatum,
616 2181 683 2272 quia
696 2182 722 2238 is
745 2183 893 2239 censendo
907 2182 973 2239 finis
986 2182 1080 2238 factus

103 2269 155 2324 est.
198 2259 292 2316 Millia
304 2259 452 2349 octoginta
465 2279 500 2318 eo
513 2260 641 2318 lustro'
615 2261 723 2350 civium
736 2280 826 2318 censa
840 2261 985 2320 dicuntur
1017 2260 1080 2317 Ad-

101 2339 167 2415 jicit
190 2339 361 2414 scriptorum
385 2339 609 2413 antiquissimus,
631 2339 754 2397 Fabius
762 2339 871 2408 Pictor,
896 2359 1006 2412 eorum,
1029 2338 1078 2413 qui

9 2471 13 2486 ,
104 2418 178 2475 serre
193 2437 272 2474 arma
284 2427 411 2492 possent
425 2437 492 2474 eum
515 2437 668 2476 numerum
692 2419 789 2476 fuisse.
832 2419 881 2475 Ad
905 2438 969 2475 eam
983 2418 1079 2476 multi·
1089 2436 1118 2475 as

103 2497 236 2554 tudinem
257 2497 325 2554 urbs
348 2516 461 2572 quoque
483 2498 686 2573 amplificanda
712 2498 772 2555 visa
786 2507 838 2555 est.
887 2497 979 2555 Addit
1007 2498 1079 2554 duos

103 2577 204 2650 colles,
225 2576 410 2637 Quirinalem
440 2577 694 2652 Viminalemque:
729 2577 798 2634 inde
823 2576 962 2651 deinceps
993 2586 1080 2652 auget

102 2623 266 2730 Esquiiias.
288 2656 407 2731 ibique
400 2674 471 2731 ipse,
485 2667 517 2714 ut
530 2657 596 2714 loco
609 2657 736 2732 dignitas
750 2656 842 2724 fieret,
858 2656 976 2714 habitat.
1019 2655 1080 2730 Ag-

104 2753 173 2811 gere
192 2746 222 2792 et
245 2735 342 2792 fossis
350 2745 379 2792 et
402 2753 485 2792 muro
517 2736 679 2792 circumdat
699 2733 831 2791 urbem:
843 2734 883 2790 ita
909 2733 1080 2825 pomoerium

103 2813 219 2903 profert.
241 2803 434 2882 Pometiam,
442 2815 559 2871 verbi'
534 2833 591 2872 vrm
606 2815 695 2872 solam
717 2814 875 2904 intuentes,
884 2814 1080 2886 postmerirrm
1090 2835 1120 2874 ιο

103 2891 335 2982 interpretantur
352 2910 424 2949 esse.
466 2894 519 2951 Est
542 2904 638 2958 autem
660 2892 752 2968 magis
766 2892 845 2948 circa
858 2909 973 2947 murum
986 2891 1079 2963 locus,

104 2990 191 3046 quem
214 2972 245 3029 iu
267 2971 428 3030 condendis
448 2972 567 3030 urbibus
590 2973 734 3046 quondam
755 2970 882 3044 Etrusci,
896 2973 952 3044 qud
965 2988 1080 3027 murum

104 3051 220 3108 ducturi
233 3061 325 3118 erant,
335 3051 421 3108 certis
435 3050 515 3108 circa
528 3052 659 3109 terminis
672 3046 843 3126 inauguratd
852 3050 1082 3118 consecrabant;

104 3140 137 3187 ut
150 3148 244 3203 neque
268 3129 403 3186 interiore
427 3142 507 3205 parte
532 3131 655 3188 aedificia
671 3127 816 3187 moe'nibus
830 3129 1079 3218 continuarentur,

105 3227 169 3283 quae
184 3227 263 3266 nunc
277 3207 362 3284 vulgo
376 3209 464 3266 etiem
489 3209 689 3286 conjungunt3
712 3220 741 3266 et
754 3208 946 3265 extrinsecus·
950 3227 1015 3282 puri
1008 3206 1080 3263 ali·
1068 3228 1119 3268 -ιι

105 3287 175 3361 quid
188 3288 224 3344 ab
238 3289 365 3346 humano
379 3289 440 3346 cult
429 3299 459 3346 tu
472 3298 584 3379 pateret
608 3288 672 3346 soli
711 3287 778 3344 Hoc
792 3287 926 3382 spatium,
941 3285 1017 3360 quod
1031 3304 1082 3342 ne·

105 3385 162 3442 que
176 3366 255 3424 habit
244 3367 297 3424 tari
311 3387 405 3442 neque
420 3368 493 3424 arari
514 3366 557 3424 fas
570 3377 641 3435 erat,
655 3386 714 3424 non
735 3367 828 3442 magis
848 3363 924 3441 quod
933 3373 1004 3442 post
1023 3382 1082 3421 mu·

105 3465 169 3505 ram
183 3458 258 3503 esset
260 3448 368 3537 ιι,ιιιιιιι
382 3445 458 3522 (ιιιόιι
472 3465 571 3504 murus
581 3457 645 3522 post
658 3446 686 3503 id
689 3445 879 3521 ,pomoerium
890 3443 1019 3503 Romani
1034 3462 1083 3533 ap-

107 3524 269 3601 pellarunt:
290 3537 320 3583 et
332 3526 363 3583 in
377 3527 477 3583 urbis'
470 3536 660 3598 incremento,
679 3544 801 3600 semper,
823 3523 963 3600 quantiam
975 3523 1083 3581 moenia

107 3623 276 3681 processura
286 3619 377 3676 erant,
386 3604 497 3664 tantdm
506 3603 622 3664 termini
635 3605 667 3663 hi
680 3605 841 3666 consecrati
854 3603 1081 3683 proferebantur·
1092 3625 1120 3664 ιι
1201 3667 1204 3670 ,
