2556 4314
519 301 671 356 manat.
695 271 845 354 wem.
1138 299 1179 360 53

112 468 115 473 ·
200 441 302 506 abnuit
315 461 497 524 cognomen;
518 457 562 516 ut,
585 447 643 506 sub
662 447 725 524 ejus
737 447 857 506 obtentu
870 443 1059 522 cognominis,
1072 443 1176 518 libera·

200 537 243 584 tor
268 527 317 586 ille
341 527 441 603 populi
464 525 593 584 Romani
617 525 731 584 animus
754 526 846 582 latens
858 525 1034 600 opperiretur
1047 535 1174 600 tempora

199 623 261 678 sua.
317 605 349 662 Is
375 616 437 663 tum
461 606 497 662 ab
524 605 693 680 Tarquiniis
719 605 824 662 ductus
854 603 992 679 Delphos,
1018 603 1173 662 ludibrium

199 683 306 758 veritis,
334 683 419 759 quim
447 703 554 752 comes,
582 703 702 742 aureum
726 684 872 751 baculum,
888 681 1042 740 'inclusum
1069 700 1174 740 corneo

176 773 304 820 scavato
327 764 364 820 ad
386 763 415 820 id
437 763 550 836 baculo,
574 763 674 826 tulisse
702 763 811 821 donum
835 761 965 837 Apollini
988 761 1103 834 dicitur,
1123 780 1174 838 per

201 842 339 918 ambages
353 841 477 918 effigiem
493 841 609 918 ‘ingenii
630 841 684 898 sui.
725 841 796 903 Qud
818 852 967 917 postquam
989 851 1107 898 ventum
1120 851 1174 908 est,

199 921 336 995 perfectis
349 921 436 996 patris
460 921 613 988 mandatis,
636 921 742 997 cupido
766 921 886 978 incessit
910 920 1022 979 animos
1034 920 1175 996 juvenum

199 999 377 1072 sciscitandi,
400 1000 435 1056 ad
459 1018 545 1074 quem
568 1018 668 1058 eorum
692 1007 815 1076 regnum
834 999 1003 1058 Romanum
1017 1011 1095 1058 esset
1108 1017 1176 1058 veu-

199 1088 302 1136 turnm.
344 1077 390 1136 Ex
403 1077 605 1154 infimospecu
627 1098 728 1137 vocem
751 1079 893 1136 redditam
908 1078 1025 1151 serunt:
1048 1079 1176 1155 “lmpe·

164 1173 191 1213 ro
199 1165 218 1193 ‘⁴
230 1158 341 1233 perium
371 1176 516 1215 summum
541 1159 645 1216 Rome
672 1158 799 1231 babebit,
826 1158 875 1232 qui
900 1159 1024 1216 restrum
1050 1157 1172 1233 primus,

199 1240 218 1268 ‘⁴
228 1257 246 1294 o
257 1237 388 1312 juvenes,
410 1236 541 1294 osculum
555 1237 639 1295 matri
652 1236 778 1296 tulerit.’'
821 1237 983 1312 Tarquinii,
997 1233 1038 1294 'ut
1052 1238 1171 1305 Sextus,

198 1316 246 1390 qui
269 1316 373 1374 Romae
395 1315 513 1374 relictus
538 1317 640 1390 fuerat,
665 1317 783 1393 ignarus
803 1317 932 1392 responsi
946 1335 1108 1392 expersque
1121 1315 1174 1374 im-

198 1395 269 1470 perii
294 1406 382 1463 esset,
407 1415 469 1452 rem
490 1395 605 1453 summi
627 1415 681 1471 ope
705 1395 804 1460 taceri,
814 1395 935 1471 jubent3
958 1395 1013 1471 ipsi
1034 1395 1109 1454 inter
1129 1413 1173 1463 se,

199 1483 261 1532 uter
273 1475 361 1550 prior,
383 1493 472 1548 quum
496 1475 624 1532 Romam
641 1474 794 1542 redissent,
819 1474 902 1531 matri
925 1475 1057 1532 osculum
1079 1475 1173 1543 daret,

160 1568 189 1609 15
197 1553 267 1610 sorti
280 1554 457 1628 permittunt.
499 1553 616 1626 Brutus,
630 1552 687 1610 aliti
707 1564 785 1610 ratus
809 1563 939 1628 spectare
961 1552 1113 1627 Pythicam
1125 1572 1174 1611 vo·

198 1650 276 1703 cem,
290 1632 369 1688 velut
390 1631 417 1688 si
439 1631 589 1706 prolapsus
611 1631 785 1699 cecidisset„
798 1641 903 1687 terram
917 1631 1016 1698 osculo
1035 1631 1174 1706 contigit:

194 1709 322 1782 scilicet,
336 1707 412 1784 qudd
434 1729 470 1766 ea
491 1709 653 1784 communis
667 1718 757 1767 mater
771 1709 901 1769 omnium
913 1709 1076 1768 mortalium
1089 1720 1174 1768 esset.

197 1788 337 1846 Raditum
352 1789 421 1846 inde
433 1789 572 1862 Romam,
587 1786 637 1846 ubi
650 1789 786 1846 adversus
799 1785 926 1846 Rutulos
939 1787 1048 1846 bellum
1058 1790 1173 1846 summai

198 1868 224 1924 ri
237 1869 399 1944 parabatur.

156 2037 191 2078 20
238 2027 335 2086 LVII.
357 2027 483 2087 Ardeam
508 2027 611 2088 Rutuli
635 2027 790 2097 habebant,
810 2047 884 2106 gens
899 2027 945 2107 (ut
957 2029 989 2087 in
1002 2029 1039 2087 eri
1051 2028 1171 2108 regione

197 2117 283 2182 atque
307 2108 338 2165 in
362 2108 516 2188 caretate)
541 2109 648 2166 divitiis
671 2109 861 2186 prepollens:
882 2129 974 2184 eaque
995 2109 1059 2185 ipsa
1081 2129 1172 2168 causa

198 2187 266 2245 belli
287 2187 349 2260 fuit,
374 2187 452 2262 qudd
477 2207 530 2246 rex
551 2188 704 2246 Romanus
724 2199 785 2246 tum
809 2189 871 2264 ipse
895 2189 989 2258 ditari,
1014 2190 1173 2247 exhaustus

141 2262 146 2267 ’
199 2266 413 2341 magnificentia
423 2267 605 2342 publicorum
617 2287 747 2343 operum,
758 2277 819 2325 tum
833 2269 931 2343 praedi
944 2268 1073 2326 delenire
1084 2288 1173 2345 popu-

198 2344 300 2402 larium
322 2347 434 2404 animos
453 2347 610 2416 studebat;
636 2357 740 2422 praeter
763 2347 850 2403 aliam
883 2348 1048 2422 superbiam
1079 2367 1171 2425 regno

157 2423 315 2482 aeinfesto's
338 2425 436 2493 etiam,
460 2423 537 2499 qudd
560 2444 592 2482 se
614 2425 644 2482 in
668 2425 814 2482 fabrorum
838 2425 1005 2483 ministeriis
1027 2445 1062 2484 ac
1075 2427 1172 2489 servili

197 2504 306 2560 tamdiu
320 2505 433 2562 habitos
450 2523 537 2578 opere
559 2505 595 2560 ab
622 2522 690 2578 rege
709 2504 944 2578 indignabantur.
986 2503 1114 2561 Tentata
1126 2524 1173 2562 res

197 2583 288 2650 est,si
311 2583 404 2659 primo
428 2582 538 2658 impetu
552 2581 617 2657 capi
631 2581 731 2638 Ardea
750 2592 866 2656 posset:
888 2581 937 2638 ubi
951 2581 981 2637 id
994 2599 1096 2656 parum
1109 2601 1173 2658 pro-

195 2661 292 2735 cessit,
316 2662 468 2720 obsidione
493 2660 758 2734 munitionibusque
782 2659 870 2735 eoepti
883 2660 974 2735 premi
988 2661 1093 2718 hostes·
1134 2662 1171 2722 lu

195 2738 232 2797 iis
244 2741 362 2809 statiua,
378 2752 409 2798 ut
433 2740 466 2798 fit
489 2740 576 2816 longo
597 2739 691 2815 magis
713 2737 799 2814 qudm
822 2739 882 2797 aori
906 2739 990 2807 bello,
1005 2740 1074 2798 satis
1087 2741 1170 2802 liberi

157 2835 185 2874 ao
196 2831 373 2878 commeatus
386 2830 489 2878 erant:
509 2819 682 2895 primoribus
702 2829 799 2876 tamen
813 2817 906 2895 magis
919 2820 1004 2894 quim
1019 2820 1168 2882 militibus.

195 2898 286 2974 Regii
309 2900 425 2973 quidem
437 2900 558 2975 juvenes
582 2899 727 2956 interdum
745 2898 988 2959 otiumconviriis
1011 2901 1170 2962 comissati-

192 2977 356 3052 onibusque
369 2979 443 3035 inter
464 2997 496 3036 se
517 2978 667 3043 terebant:¹
687 2978 757 3035 sorte
771 2978 936 3054 potantibus
949 2980 994 3036 his
1007 2982 1084 3055 apud
1100 2983 1170 3042 Serr-

177 3067 259 3132 ¹tum
280 3054 480 3130 Tarquinium,
503 3058 553 3115 ubi
577 3067 606 3116 et
631 3056 794 3115 Collatinus
818 3059 954 3116 coenabat
977 3058 1167 3139 Tarquinius,

194 3133 295 3210 Egerii
322 3135 535 3203 lilius‚‘incidit
557 3137 594 3194 de
616 3137 752 3194 uxoribus
776 3138 908 3195 mentio:
939 3157 1021 3195 suam
1067 3142 1167 3219 uisque

154 3214 309 3272 aclaudare
333 3216 413 3273 miris
438 3215 548 3286 modis3
577 3215 646 3273 inde
671 3217 830 3288 certamine
847 3235 982 3286 accenso,
1005 3160 1167 3282 Collatinus

193 3304 290 3369 negat,
320 3295 447 3352 “verbis
469 3313 541 3370 opus
564 3313 648 3352 esse:
668 3295 770 3370 paucis
791 3296 822 3353 id
840 3296 957 3371 quidem
981 3297 1058 3357 horis
1081 3322 1166 3377 posse

193 3373 300 3440 “sciri‚
325 3371 463 3447 quantum
487 3373 599 3454 catoris
622 3384 738 3449 praestet
759 3373 895 3433 Lucretia
916 3395 976 3433 sua.
1022 3378 1117 3452 Quin,
1142 3382 1166 3438 si

192 3455 211 3482 “
224 3451 304 3525 vigor
325 3457 452 3526 juventae
477 3451 561 3521 inest,
585 3453 811 3511 conscendimus
832 3473 931 3530 equos,
958 3455 1166 3529 invisimusque

192 3539 212 3566 ‘⁴
223 3541 381 3606 presentes
402 3540 561 3589 nostrarum
574 3532 712 3608 ingeniai
754 3533 789 3592 Id
804 3533 909 3608 cuique
923 3533 1165 3608 spectatissimum

154 3622 180 3662 ⁴⁰
191 3613 210 3641 “
219 3609 266 3681 sit,
280 3609 367 3683 quod,
381 3611 554 3686 necopinato
566 3611 619 3669 viri
634 3612 771 3684 adventu,
782 3611 941 3669 occurrerit
952 3610 1074 3666 oculis.''
1116 3608 1166 3663 In·

190 3689 341 3746 caluerant
355 3688 429 3747 vino.
472 3691 569 3767 “Age
583 3691 682 3762 sane,’'
703 3708 821 3747 omnes:
843 3687 939 3743 citatis
952 3683 1033 3752 equis
1053 3681 1166 3739 avolant

190 3767 325 3827 Rumam.
380 3767 451 3831 Qud
477 3787 586 3881 quamq
599 3767 756 3844 primissa
785 3758 1003 3822 intendentibus
1028 3755 1165 3828 tenebris,

548 3850 569 3906 5
