2556 4314
485 314 556 368 riri
572 301 658 368 irvu
725 287 731 301 '

9 417 16 506 l
90 459 264 520 sumendum
297 455 471 537 supplicium
496 459 620 518 nudatos
641 435 731 536 ¹virgis
757 456 883 525 credunt,
911 458 1064 536 securique

90 540 217 608 feriunt3
237 557 326 613 quum
352 537 430 616 inter
451 554 538 596 omne
559 549 674 614 tempus
696 545 787 612 pater,
810 536 962 611 vultusque
981 548 1011 594 et
1029 557 1064 598 os

89 617 162 695 ejus',
177 617 343 693 spectaculo
366 625 453 688 esset,
467 615 615 673 eminente
636 614 735 674 animo
746 613 839 691 patrio
852 615 928 672 inter
939 615 1063 692 publiea

87 715 182 773 poenae
206 694 407 753 ministerium.
457 693 627 752 Secundum
649 711 767 769 poenam
787 693 966 768 nocentium,
987 695 1064 754 utin

9 775 10 780 ’
88 783 362 850 utramquepartem
372 770 676 851 arcendis-sceleribus
688 771 854 848 exemplum
865 772 962 831 nobile
975 783 1062 842 esset,
1085 785 1099 827 5

87 853 238 928 premium
252 851 353 919 indici,
368 851 495 926 pecunia
513 867 551 908 ex
563 849 674 918 errario,
688 850 805 908 libertos
818 860 848 909 et
860 850 972 925 civitas,
987 853 1062 910 data

89 929 142 990 Ille
173 929 298 1008 primaim
320 929 427 987 dicitur'
448 928 577 997 vindicte
597 929 755 988 liberatusr
785 929 903 1005 quidam
926 930 1064 990 vindicte

88 1028 200 1086 quoque
213 1016 320 1068 nomen
334 1018 459 1067 tractum
480 1008 518 1066 ab
531 1006 580 1067 illo
593 1018 713 1084 putant3
734 1008 874 1066 Vindicio
886 1008 942 1085 ipsi
952 1027 1062 1068 nornen

87 1087 184 1146 fuisse.
225 1087 294 1146 Post
315 1087 406 1160 illum,
430 1086 623 1162 observatum,
647 1097 688 1158 nt,
702 1087 752 1164 qui
773 1087 814 1146 ito
827 1087 940 1147 liberati
954 1099 1061 1158 essent,

88 1167 118 1224 in
133 1166 278 1226 civitatem
292 1165 405 1244 accepti
419 1165 594 1226 viderentur.
984 1169 987 1177 ⁴
1073 1178 1099 1220 ro

127 1326 179 1385 VI.
202 1325 269 1400 His,
283 1327 359 1385 sicut
372 1335 438 1384 acta
450 1334 543 1392 erant,
568 1323 717 1392 nuntiatis,
732 1323 871 1383 incensus
884 1323 1063 1401 Tarquinius

86 1423 145 1464 non
159 1405 256 1463 dolore
268 1404 361 1464 solum
385 1413 472 1461 tante
495 1403 531 1460 ad
545 1401 658 1461 irritum
678 1402 811 1460 cadentis
823 1403 894 1480 spei,
909 1404 960 1462 sed
974 1403 1061 1462 etiarn

86 1484 152 1541 odio
179 1483 289 1558 iraque,
315 1492 466 1558 postquam
492 1480 559 1539 dolo
575 1481 652 1538 viam
675 1480 825 1556 obseptam
847 1482 929 1555 vidit,
953 1481 1062 1540 bellum

87 1561 184 1638 aperte
198 1561 376 1619 moliendum
399 1569 488 1628 ratus,
503 1559 657 1631 circumire
678 1559 799 1635 supplex
817 1559 940 1618 Etrurioe
954 1560 1060 1630 urbcs3

87 1657 168 1698 orare
182 1639 308 1697 maxime
330 1638 469 1715 Vejentes
493 1636 788 1713 Tarquiniensesque,
810 1643 879 1696 “ne
902 1658 934 1696 se
956 1649 1098 1708 ortumts

89 1718 249 1796 “ejusdem
264 1716 424 1794 sanguinis,
438 1725 590 1788 extorrem,
611 1725 747 1792 egentem
759 1734 796 1773 ex
809 1726 889 1775 tanto
902 1716 988 1776 rnodd
1000 1735 1064 1794 reg·
1165 1729 1167 1735 '

88 1800 166 1865 “no,
192 1811 262 1854 'curn
286 1796 384 1854 liberis
404 1794 639 1853 adolescentibus
665 1803 732 1852 ante
755 1794 855 1853 oculos
878 1813 944 1852 suos
967 1796 1063 1871 perire

88 1878 106 1907 “
118 1876 255 1933 sinerent.
297 1874 380 1934 Alios
399 1891 468 1949 pere
491 1872 521 1951 ,ὲ
545 1873 577 1930 in
589 1890 713 1949 regnum
727 1872 853 1931 Romam
877 1872 1006 1932 accitos:
1028 1892 1061 1932 se
1131 1915 1134 1920 ·

88 1962 228 2029 “regem,
250 1947 455 2028 augentembe
476 1971 494 2010 o
515 1951 682 2011 Romanurn
703 1951 865 2028 imperium,
886 1970 904 2010 a
923 1951 1062 2027 proximis

90 2034 109 2063 ‘⁴
120 2029 262 2088 scelerati
275 2030 474 2106 conjuratione
496 2029 628 2105 pulsum:
659 2049 710 2090 eos
730 2029 804 2088 inter
827 2049 869 2104 se,
895 2030 963 2107 quia
975 2048 1099 2092 nemora

90 2118 109 2146 ‘⁶
121 2127 197 2168 unus
217 2109 286 2168 satis
310 2109 416 2185 dignus
438 2127 529 2186 regno
550 2109 627 2167 visus
640 2109 687 2184 sit,
707 2119 803 2187 partes
816 2109 899 2186 regni
912 2109 1061 2185 rapuisse3

90 2197 109 2226 “
120 2188 197 2247 bona
210 2206 263 2246 sua
276 2185 438 2263 diripienda
449 2187 555 2264 populo
567 2188 691 2262 dedisse,
702 2189 816 2264 nequis
828 2207 930 2264 expers
944 2187 1062 2246 sceleris

90 2268 109 2298 “
119 2275 204 2324 esset.
245 2265 373 2324 Patriam
386 2283 417 2324 se
430 2285 610 2344 regnumque
632 2285 719 2325 ¹suurn
733 2277 873 2344 repetere,
888 2277 918 2325 et
929 2266 1064 2344 persequi

91 2343 249 2422 “ingratos
273 2343 352 2402 cives
376 2345 458 2404 velle.
509 2343 633 2404 Ferrent
652 2345 753 2422 opem,
781 2338 966 2425 adjuvarent3
996 2363 1063 2403 snas

90 2427 109 2455 “
119 2438 232 2500 quoque
254 2432 364 2482 veteres
385 2423 505 2500 injurias
519 2423 611 2482 ultum
625 2424 708 2498 irent,
722 2424 808 2484 toties
820 2443 911 2484 casas
923 2425 1098 2502 legionense

90 2511 109 2539 “
121 2519 223 2580 agrum
244 2501 439 2578 ademptum.’'
480 2503 554 2561 Haec
577 2513 728 2562 moverunt
740 2503 897 2579 Vejentcs;
918 2522 954 2562 ac
966 2522 1018 2580 pro
1031 2521 1063 2563 se

88 2581 219 2657 quisque,
234 2581 370 2641 Romano
391 2581 490 2640 saltem
507 2582 593 2656 duce,
604 2581 778 2658 ignominias
792 2583 960 2650 demendas,
975 2581 1064 2640 bello·

90 2678 145 2735 que
170 2659 275 2717 amissa
297 2660 464 2735 repetenda,
488 2659 641 2719 minaciter
659 2661 793 2719 fremunt.
835 2661 1064 2737 Tarquinienses

9 2745 10 2748 ’
91 2755 199 2796 nomen
212 2755 248 2796 ac
261 2738 397 2815 cognatio
410 2748 505 2798 movet
517 2758 523 2796 ε
537 2740 691 2816 pulchrum
700 2738 864 2812 ¹videbatur,
878 2758 944 2797 suos
958 2739 1073 2798 Rome.

90 2833 221 2892 regnare.
263 2815 310 2873 Ita
322 2816 381 2874 duo
393 2816 516 2876 duarum
540 2817 700 2876 civitatium
713 2817 868 2885 exercitus,
882 2817 919 2874 ad
932 2826 1099 2893 repetente

91 2895 160 2952 dum
173 2911 297 2971 regnum
310 2893 442 2970 belloque
462 2897 675 2972 persequendos
693 2893 854 2969 Romanos,
876 2896 968 2954 secuti
989 2895 1065 2954 Tar·

90 2973 231 3048 quinium.
271 2971 426 3048 Postquam
446 2973 478 3032 in
499 2993 600 3054 agrum
622 2976 789 3036 Romanum
812 2985 930 3033 ventum
947 2984 1000 3043 est,
1014 2975 1065 3033 ob·

92 3051 167 3108 riam
191 3049 266 3110 hosti
288 3052 427 3110 eonsules.
435 3063 514 3112 eunt.
556 3054 690 3113 Valerius
703 3055 842 3130 quadrato
854 3053 971 3132 agmine
983 3054 1064 3130 pedi-

92 3137 151 3186 tem
164 3129 261 3188 ducit:
282 3128 390 3189 Brutus
403 3132 439 3189 ad
453 3133 661 3210 explorandum
675 3150 744 3193 cum
757 3132 886 3208 equitatu
897 3133 1062 3191 antecessit.

92 3206 205 3266 Eodem
220 3208 311 3270 modo
330 3209 439 3287 primus
462 3229 551 3287 eques
572 3212 699 3271 hostiurn
723 3210 847 3288 agminis
861 3209 915 3270 suit
930 3211 1099 3289 (praeeratas
1129 3275 1132 3280 ,

93 3284 192 3343 Aruns
209 3285 397 3363 Tarquinius,
420 3289 497 3348 filius
517 3289 628 3371 regis):
657 3309 709 3349 rex
729 3289 791 3365 ipse
813 3308 882 3348 cum
899 3289 1063 3367 legionibus

90 3363 271 3437 sequebatur.
313 3368 422 3442 Aruns,
435 3368 486 3427 ubi
500 3387 537 3428 ex
549 3369 699 3428 lictoribus
711 3368 811 3445 procul
826 3369 975 3428 consulem
988 3387 1062 3437 esse,

93 3441 198 3501 deinde
219 3443 279 3520 jam
302 3445 417 3522 propius
432 3466 467 3506 ac
480 3446 587 3506 certids
607 3447 682 3506 facie
695 3466 808 3524 quoque
821 3447 943 3524 Brutum
957 3465 1065 3525 cogno·

91 3521 140 3592 vit,
154 3519 347 3584 inflammatus
370 3525 423 3593 iri,
446 3529 465 3559 “
476 3525 530 3583 Ille
551 3535 596 3583 est
615 3525 688 3593 vir,’'
710 3526 814 3601 inquit,
837 3527 917 3604 “qui
940 3546 994 3587 nos
1015 3544 1064 3585 ex·
1120 3557 1124 3568 ι

95 3608 215 3660 “torres
233 3603 345 3686 *expulit
367 3602 469 3678 patriai.
523 3603 602 3679 lpse,
625 3621 674 3677 en,
692 3603 751 3672 ille,
778 3605 884 3664 nostris
911 3605 1098 3668 decoratusrn

93 3679 111 3712 ‘⁶
123 3677 293 3753 insignibus,
308 3679 462 3758 magnifice
472 3680 589 3739 incedit.
631 3680 681 3740 Dii
694 3701 796 3759 regum
807 3684 923 3755 ultores,
934 3682 1061 3740 adeste.’¹

94 3751 230 3816 Concitet
251 3759 413 3824 calcaribus
434 3777 552 3836 equum,
566 3767 650 3836 atque
670 3760 810 3840 inipsum
823 3761 1064 3824 infestusconsu·
1265 3783 1269 3934 q
