2520 4310
460 332 569 392 LIBER
583 339 694 392 xxvn.
711 355 774 393 cu.
790 356 885 410 max.
1095 345 1156 406 219

186 481 256 542 dum
282 499 346 540 esse
372 482 563 542 descendenti
582 483 620 540 ab
646 482 780 559 Alpibus,
800 501 840 542 ne
861 483 960 543 Gallos
982 484 1154 562 Cisalpinos,

137 607 138 610 ,
186 578 260 619 neve
274 561 430 634 Etruriam,
444 571 570 619 erectam
592 559 624 618 in
647 579 728 638 spem
751 580 846 619 rerum
858 578 1007 636 novarum,
1024 565 1157 624 sollicita·

186 648 249 708 ret3
263 649 293 696 et
307 639 502 710 Hannibalem
516 657 568 696 suo
580 639 694 714 proprio
703 641 905 716 occupandum
918 640 1003 708 bello,
1016 659 1054 698 ne
1068 660 1159 702 emer·

124 793 127 798 Ι
186 734 263 794 gere·
284 735 320 790 err
346 717 475 789 Bruttiis,
499 727 583 792 atque
609 717 722 775 obviim
748 718 902 795 fratriire,
915 720 1037 798 posset),
1060 718 1160 778 Livius

187 795 390 868 cunctabatur,
410 813 512 871 parum
541 795 635 854 fideus
655 814 771 854 suarum
795 796 1007 872 provinciarum
1027 798 1161 856 exerciti·

124 884 127 889 ·
188 870 263 930 bus:
285 873 457 950 “collegam
480 891 518 932 ex
538 875 650 932 duobus
672 875 870 933 consularibus
889 873 1015 950 egregiis
1028 874 1167 933 exerciti-⁴

189 953 209 983 “
221 951 285 1020 bus,
299 961 328 1008 et
341 951 435 1020 tertio,
450 948 509 1009 cui'
521 951 562 1014 Q.
587 952 727 1011 Claudius
749 953 873 1010 Tarenti
887 961 1031 1028 preesset,
1045 952 1162 1011 electio·

190 1036 209 1065 ‘⁸
221 1047 289 1087 nem
303 1030 409 1086 babere
422 1049 428 1086 :
439 1031 455 1057 ''
476 1029 668 1104 intuleratque
690 1032 866 1088 mentionem
890 1032 926 1088 de
943 1030 1101 1106 uolonibus
1119 1049 1162 1088 re·
1253 1029 1258 1036 '

88 1162 91 1170 ,
186 1108 324 1164 vocandis
339 1107 480 1183 adsigna
522 1107 647 1165 Senatus
667 1108 787 1168 liberam
799 1118 970 1184 potestatem
994 1108 1162 1170 consulibus

153 1198 178 1240 ιο
188 1182 266 1259 fecit,
277 1195 307 1242 et
319 1185 471 1261 supplendi
484 1186 562 1243 unde
576 1185 690 1254 vellent,
703 1197 732 1245 et
744 1183 871 1264 eligendi
882 1188 919 1244 de
932 1185 1072 1244 omnibus·
1080 1203 1162 1243 exer·
1176 1218 1181 1241 t

115 1263 122 1278 ’
178 1262 302 1335 ¹ttitibus,
316 1282 387 1338 quos
410 1265 526 1332 vellent,
544 1265 792 1341 permutandique,
815 1275 844 1323 et
857 1285 893 1323 ex
906 1263 1070 1341 provinciis¹
1090 1281 1162 1338 quos
1237 1282 1241 1291 “

188 1359 206 1398 e
226 1359 258 1398 re
282 1342 398 1416 publice
420 1352 575 1400 censerent
597 1361 672 1410 esse,
692 1343 872 1401 traducendi.
913 1343 958 1402 Ea
981 1341 1079 1401 omnia
1092 1359 1160 1400 cum

190 1420 303 1476 summe
327 1421 482 1477 concordia
504 1421 654 1478 consulum
678 1431 751 1479 acta.
792 1422 919 1480 Volones
932 1422 963 1480 in
978 1419 1160 1478 undevicesi-

190 1513 269 1556 mum
283 1505 313 1554 et
325 1497 491 1555 vicesimam
513 1498 643 1573 legiones
666 1498 773 1572 scripti.
814 1499 916 1575 Magni
929 1499 1039 1574 roboris
1051 1498 1162 1578 unsilia
1197 1513 1203 1518 “

156 1591 181 1634 lc
191 1591 228 1633 ex
252 1575 395 1650 Hispania
417 1592 529 1649 quoque
553 1575 616 1633 aP.
631 1575 768 1650 Scipione
792 1575 835 1632 M.
848 1577 930 1634 Livio
944 1580 1031 1652 missa
1043 1578 1161 1651 quidam

191 1653 272 1718 adid
287 1654 394 1710 bellum
408 1662 539 1712 auctores
563 1663 646 1710 sunt:
668 1663 734 1710 octo
753 1653 844 1710 millia
857 1654 1052 1728 Hispanorum
1065 1655 1162 1712 Galle>

190 1729 322 1806 rumque,
336 1742 365 1789 et
383 1733 441 1790 duo
461 1732 551 1788 millia
571 1732 608 1788 de
630 1731 744 1807 legione
768 1731 900 1801 militum,
924 1732 1052 1806 equiturn
1073 1731 1161 1802 mille,

189 1809 295 1868 mixtos
318 1810 464 1868 Numidas
487 1810 704 1885 Hispanosque:
736 1809 777 1866 M.
802 1808 972 1866 Lucretium
992 1809 1044 1865 has
1065 1808 1162 1883 copias

87 1929 91 1936 -
190 1888 312 1946 navibus
326 1889 499 1945 adduxisse:
520 1899 550 1945 et
573 1887 783 1963 sagittariomm
797 1887 1030 1963 funditorumque
1043 1887 1079 1944 ad
1093 1904 1161 1962 qua·

153 1981 182 2024 ac
191 1973 256 2029 tuor
269 1966 361 2028 millia
371 1985 412 2024 ex
426 1965 526 2026 Sicilia
539 1966 575 2023 O.
589 1963 753 2026 Mamilium
766 1965 890 2024 misisse.»

231 2127 381 2192 XXXIX.
403 2130 557 2190 Auxerunt
579 2129 683 2189 Rome
697 2131 851 2190 tumultum
865 2130 955 2188 literae
968 2147 1005 2188 ex
1017 2128 1112 2188 Galia
1125 2125 1165 2188 al·

190 2205 256 2264 latae
270 2208 307 2265 ab
327 2209 361 2268 L.
385 2209 489 2268 Porcio
508 2219 648 2285 praetorez
670 2210 914 2268 “Hasdrubalem
934 2208 1056 2267 movisse
1070 2225 1107 2264 ex
1120 2206 1164 2264 hi·

190 2293 210 2324 ‘⁶
221 2285 327 2358 bernis,
351 2298 381 2345 et
397 2287 457 2364 jam
471 2288 562 2364 Alpes
583 2288 721 2346 transire:
741 2300 807 2347 octo
825 2288 917 2346 millia
929 2287 1080 2365 Ligurum,
1095 2302 1165 2342 con·

191 2364 327 2438 “scripta
352 2376 525 2439 armataque,
539 2367 730 2442 conjunctura
748 2383 783 2424 se·
792 2378 971 2442 transgresso
991 2366 1022 2423 in
1049 2363 1164 2422 Italiam

157 2449 184 2490 ⁹⁵
195 2447 214 2476 ‘⁴
225 2456 299 2511 csse,
313 2442 369 2497 nisi
391 2443 551 2500 mitteretur
574 2443 606 2500 in
629 2444 762 2518 Ligures,
777 2446 825 2518 qui
839 2463 890 2501 eos
900 2444 976 2502 bello
988 2445 1162 2516 occuparet:

194 2526 215 2555 ‘⁸
226 2536 269 2590 se,
283 2536 351 2575 cum
364 2518 489 2576 invalido
512 2519 651 2592 exercitu,
674 2521 771 2593 quoad
793 2531 887 2578 tutum
902 2529 1022 2597 putaret,
1035 2523 1165 2593 progres-

195 2596 358 2653 “surum.”
399 2596 455 2654 Hae
479 2596 569 2652 literae
590 2597 734 2665 consules,
758 2599 861 2673 raptim
882 2595 1016 2654 coniecto
1039 2595 1165 2661 delectu,

194 2673 344 2747 maturius,
358 2674 445 2748 quam
458 2674 675 2747 constituerant,
688 2674 767 2731 exire
780 2675 811 2732 in
825 2673 986 2750 provincias
999 2679 1166 2747 coegerunt,

193 2753 228 2809 ed
242 2762 349 2819 mente,
365 2761 396 2808 ut
420 2762 539 2825 uterquc
563 2753 675 2808 hostem
696 2752 728 2809 in
751 2755 803 2810 sud
826 2751 974 2828 provincii
994 2750 1166 2818 contineret,

160 2837 287 2905 teneque
321 2829 470 2905 conjungi,
497 2837 548 2884 aut
573 2827 705 2904 conferre
731 2831 762 2885 in
790 2849 881 2888 unum
906 2830 980 2888 vires
1012 2836 1166 2906 pateretur.

194 2907 354 2966 Plurimum
369 2907 399 2962 in
413 2925 477 2966 eam
499 2923 559 2962 rem
581 2905 690 2980 adjuvit
703 2907 801 2980 opinio
815 2907 1005 2968 Hannibalis:
1026 2907 1112 2982 quod,
1127 2917 1168 2966 et·

196 2986 220 3043 si
234 2987 269 3042 ea
294 2993 392 3042 aestate
415 2983 602 3042 transiturum
626 2983 657 3040 in
681 2983 795 3040 Italiam
809 2985 925 3042 fratrem
938 2986 1110 3050 crediderat,
1124 3001 1169 3040 re-

145 3090 150 3100 ·
196 3063 342 3122 cordando
355 3082 418 3137 quae
432 3063 493 3138 ipse
507 3062 538 3120 in
552 3061 674 3120 transitu
688 3080 768 3122 nunc
781 3061 931 3134 Rhodani,
944 3079 1024 3118 nunc
1038 3060 1168 3137 Alpium,

196 3160 265 3201 cum
288 3141 453 3203 hominibus
466 3140 594 3216 locisque
607 3141 764 3216 pugnando
777 3158 828 3215 per
841 3139 968 3215 quinque
981 3157 1097 3199 menses
1119 3158 1170 3196 ex·

162 3221 348 3293 cohaesisset,
362 3221 582 3294 haudquaquam
596 3223 655 3278 tam
670 3218 785 3278 sacilem
804 3228 1005 3292 maturumque
1018 3217 1170 3276 transitum

197 3300 391 3374 exspectabat.
429 3298 478 3355 Ea
497 3296 606 3354 tardids
626 3296 761 3356 movendi
787 3315 824 3353 ex
845 3295 974 3354 hibernis
995 3312 1084 3353 causa
1106 3292 1169 3350 suit.

198 3375 342 3434 Ceterum
364 3375 541 3432 Hasdrubali
561 3384 591 3432 et
604 3376 655 3435 sud
668 3385 698 3432 et
718 3375 838 3434 aliorum
851 3393 902 3450 spe
914 3373 1013 3434 omnia
1032 3369 1172 3444 celeriora

199 3463 284 3528 atque
305 3453 481 3527 expeditiora
501 3452 590 3514 fuere.
631 3453 700 3510 Non
722 3453 802 3510 enim
823 3458 995 3529 receperunt
1017 3446 1102 3504 modo
1115 3445 1173 3505 Ar·

199 3531 281 3588 terni
294 3549 372 3597 eum,
397 3530 590 3606 deincepsque
611 3530 673 3589 alie
687 3531 807 3590 Gellicae
821 3541 905 3605 etque
918 3526 1034 3601 Alpinae
1047 3532 1172 3599 gentes3

164 3621 192 3663 te
201 3609 252 3666 sed
265 3607 353 3665 etiam
366 3619 472 3666 sccutae
494 3618 562 3671 suat
584 3609 621 3672 ad
636 3610 759 3669 bellurn:
780 3618 810 3666 et
822 3625 911 3682 quum
924 3622 975 3679 per
988 3601 1100 3660 munita
1112 3600 1173 3675 ple·

199 3704 293 3762 taque-
311 3687 432 3744 transitu
455 3687 559 3762 fratris,
582 3706 647 3763 quae
674 3698 760 3746 antea
780 3686 860 3744 invia
883 3684 1005 3752 fueraut,
1029 3677 1172 3747 ducebat3

199 3766 373 3841 ulmetium,
387 3765 542 3828 duodecim
557 3785 707 3832 annorum
730 3761 917 3830 assuetudine
929 3758 1034 3838 perviis
1047 3749 1171 3840 Alpibus
