<?xml version="1.0" encoding="UTF-8"?>
<!DOCTYPE html PUBLIC "-//W3C//DTD XHTML 1.0 Transitional//EN"
    "http://www.w3.org/TR/xhtml1/DTD/xhtml1-transitional.dtd">
<html xmlns="http://www.w3.org/1999/xhtml" xml:lang="en" lang="en">
 <head>
  <title>
</title>
<meta http-equiv="Content-Type" content="text/html;charset=utf-8" />
  <meta name='ocr-system' content='tesseract 3.04.00' />
  <meta name='ocr-capabilities' content='ocr_page ocr_carea ocr_par ocr_line ocrx_word'/>
</head>
<body>
  <div class='ocr_page' id='page_1' title='image "./historiarumetse03livygoog_0065.png"; bbox 0 0 2556 4314; ppageno 0'>
   <div class='ocr_carea' id='block_1_1' title="bbox 101 323 677 398">
    <p class='ocr_par' dir='ltr' id='par_1_1' title="bbox 101 323 677 398">
     <span class='ocr_line' id='line_1_1' title="bbox 101 323 677 398; baseline -0.01 -4"><span class='ocrx_word' id='word_1_1' title='bbox 101 323 157 394; x_wconf 77' lang='lat'><strong>54&#39;</strong></span> <span class='ocrx_word' id='word_1_2' title='bbox 407 355 408 358; x_wconf 37' lang='lat'>¹</span> <span class='ocrx_word' id='word_1_3' title='bbox 495 337 574 398; x_wconf 73' lang='lat' dir='ltr'><strong>urm</strong></span> <span class='ocrx_word' id='word_1_4' title='bbox 592 339 677 389; x_wconf 82' lang='lat' dir='ltr'><strong>nivn</strong></span> 
     </span>
    </p>
   </div>
   <div class='ocr_carea' id='block_1_2' title="bbox 104 478 1120 954">
    <p class='ocr_par' dir='ltr' id='par_1_2' title="bbox 104 478 1120 954">
     <span class='ocr_line' id='line_1_2' title="bbox 104 478 1084 556; baseline 0.006 -20"><span class='ocrx_word' id='word_1_5' title='bbox 104 478 312 554; x_wconf 82' lang='lat' dir='ltr'><strong>pervenissent,</strong></span> <span class='ocrx_word' id='word_1_6' title='bbox 325 491 450 556; x_wconf 83' lang='lat' dir='ltr'><strong>pergunt</strong></span> <span class='ocrx_word' id='word_1_7' title='bbox 464 482 532 540; x_wconf 91' lang='lat' dir='ltr'><strong>inde</strong></span> <span class='ocrx_word' id='word_1_8' title='bbox 547 482 721 553; x_wconf 78' lang='lat' dir='ltr'><strong>Collatiam3</strong></span> <span class='ocrx_word' id='word_1_9' title='bbox 735 482 784 541; x_wconf 95' lang='lat' dir='ltr'><strong>ubi</strong></span> <span class='ocrx_word' id='word_1_10' title='bbox 798 480 975 551; x_wconf 79' lang='lat' dir='ltr'>Lucretiam,</span> <span class='ocrx_word' id='word_1_11' title='bbox 991 481 1084 543; x_wconf 76' lang='lat' dir='ltr'><strong>baud·</strong></span> 
     </span>
     <span class='ocr_line' id='line_1_3' title="bbox 104 559 1081 638; baseline 0.006 -23"><span class='ocrx_word' id='word_1_12' title='bbox 104 559 247 635; x_wconf 73' lang='lat' dir='ltr'><strong>quaquam</strong></span> <span class='ocrx_word' id='word_1_13' title='bbox 275 569 307 616; x_wconf 90' lang='lat' dir='ltr'><strong>ut</strong></span> <span class='ocrx_word' id='word_1_14' title='bbox 327 561 422 636; x_wconf 86' lang='lat' dir='ltr'><strong>regias</strong></span> <span class='ocrx_word' id='word_1_15' title='bbox 446 581 547 635; x_wconf 89' lang='lat' dir='ltr'><strong>nurus,</strong></span> <span class='ocrx_word' id='word_1_16' title='bbox 572 581 642 637; x_wconf 89' lang='lat' dir='ltr'><strong>quas</strong></span> <span class='ocrx_word' id='word_1_17' title='bbox 656 563 686 619; x_wconf 87' lang='lat' dir='ltr'><strong>in</strong></span> <span class='ocrx_word' id='word_1_18' title='bbox 711 562 842 620; x_wconf 86' lang='lat' dir='ltr'><strong>convivio</strong></span> <span class='ocrx_word' id='word_1_19' title='bbox 863 563 989 638; x_wconf 86' lang='lat' dir='ltr'><strong>luxuque</strong></span> <span class='ocrx_word' id='word_1_20' title='bbox 1013 583 1081 621; x_wconf 89' lang='lat' dir='ltr'><strong>cum</strong></span> 
     </span>
     <span class='ocr_line' id='line_1_4' title="bbox 105 639 1084 717; baseline 0.004 -22"><span class='ocrx_word' id='word_1_21' title='bbox 105 639 263 713; x_wconf 86' lang='lat' dir='ltr'><strong>aequalibus</strong></span> <span class='ocrx_word' id='word_1_22' title='bbox 286 640 419 697; x_wconf 87' lang='lat' dir='ltr'><strong>viderant</strong></span> <span class='ocrx_word' id='word_1_23' title='bbox 430 652 544 717; x_wconf 91' lang='lat' dir='ltr'><strong>tempus</strong></span> <span class='ocrx_word' id='word_1_24' title='bbox 561 651 699 714; x_wconf 64' lang='lat' dir='ltr'><strong>terentes·</strong></span> <span class='ocrx_word' id='word_1_25' title='bbox 712 642 762 698; x_wconf 90' lang='lat' dir='ltr'><strong>sed</strong></span> <span class='ocrx_word' id='word_1_26' title='bbox 777 653 863 700; x_wconf 89' lang='lat' dir='ltr'><strong>nocte</strong></span> <span class='ocrx_word' id='word_1_27' title='bbox 877 645 940 699; x_wconf 70' lang='lat' dir='ltr'><strong>sera</strong></span> <span class='ocrx_word' id='word_1_28' title='bbox 954 642 1084 699; x_wconf 87' lang='lat' dir='ltr'><strong>deditam</strong></span> 
     </span>
     <span class='ocr_line' id='line_1_5' title="bbox 104 718 1081 794; baseline 0.004 -20"><span class='ocrx_word' id='word_1_29' title='bbox 104 718 179 775; x_wconf 79' lang='lat' dir='ltr'><strong>lane</strong></span> <span class='ocrx_word' id='word_1_30' title='bbox 194 718 268 776; x_wconf 89' lang='lat' dir='ltr'><strong>inter</strong></span> <span class='ocrx_word' id='word_1_31' title='bbox 289 719 475 778; x_wconf 79' lang='lat' dir='ltr'>lucubrantes</span> <span class='ocrx_word' id='word_1_32' title='bbox 500 721 619 778; x_wconf 81' lang='lat' dir='ltr'><strong>ancillas</strong></span> <span class='ocrx_word' id='word_1_33' title='bbox 640 721 671 777; x_wconf 92' lang='lat' dir='ltr'><strong>in</strong></span> <span class='ocrx_word' id='word_1_34' title='bbox 690 721 791 794; x_wconf 41' lang='lat' dir='ltr'><strong>,medio</strong></span> <span class='ocrx_word' id='word_1_35' title='bbox 812 721 918 778; x_wconf 85' lang='lat' dir='ltr'><strong>aedium</strong></span> <span class='ocrx_word' id='word_1_36' title='bbox 932 722 1081 778; x_wconf 83' lang='lat' dir='ltr'><strong>sedentem</strong></span> 
     </span>
     <span class='ocr_line' id='line_1_6' title="bbox 105 796 1120 875; baseline 0.003 -20"><span class='ocrx_word' id='word_1_37' title='bbox 105 796 266 864; x_wconf 87' lang='lat' dir='ltr'><strong>inveniunt.</strong></span> <span class='ocrx_word' id='word_1_38' title='bbox 310 798 462 857; x_wconf 86' lang='lat' dir='ltr'><strong>Muliebris</strong></span> <span class='ocrx_word' id='word_1_39' title='bbox 476 798 643 858; x_wconf 79' lang='lat' dir='ltr'><strong>certaminis</strong></span> <span class='ocrx_word' id='word_1_40' title='bbox 656 799 719 856; x_wconf 89' lang='lat' dir='ltr'><strong>laus</strong></span> <span class='ocrx_word' id='word_1_41' title='bbox 733 819 823 875; x_wconf 86' lang='lat' dir='ltr'><strong>penes</strong></span> <span class='ocrx_word' id='word_1_42' title='bbox 837 800 1005 857; x_wconf 86' lang='lat' dir='ltr'><strong>Lucretiam</strong></span> <span class='ocrx_word' id='word_1_43' title='bbox 1018 799 1080 858; x_wconf 86' lang='lat' dir='ltr'><strong>suit.</strong></span> <span class='ocrx_word' id='word_1_44' title='bbox 1105 811 1120 851; x_wconf 84' lang='lat'><strong>⁵</strong></span> 
     </span>
     <span class='ocr_line' id='line_1_7' title="bbox 107 876 1085 954; baseline 0.002 -20"><span class='ocrx_word' id='word_1_45' title='bbox 107 876 276 934; x_wconf 86' lang='lat' dir='ltr'><strong>Adveniens</strong></span> <span class='ocrx_word' id='word_1_46' title='bbox 289 877 331 935; x_wconf 91' lang='lat' dir='ltr'><strong>vir</strong></span> <span class='ocrx_word' id='word_1_47' title='bbox 345 879 554 954; x_wconf 84' lang='lat' dir='ltr'><strong>Tarquiniique</strong></span> <span class='ocrx_word' id='word_1_48' title='bbox 578 879 691 954; x_wconf 84' lang='lat' dir='ltr'><strong>excepti</strong></span> <span class='ocrx_word' id='word_1_49' title='bbox 716 878 861 954; x_wconf 75' lang='lat' dir='ltr'><strong>benigne:</strong></span> <span class='ocrx_word' id='word_1_50' title='bbox 894 879 983 936; x_wconf 89' lang='lat' dir='ltr'><strong>victor</strong></span> <span class='ocrx_word' id='word_1_51' title='bbox 998 879 1085 936; x_wconf 88' lang='lat' dir='ltr'><strong>mari-</strong></span> 
     </span>
    </p>
   </div>
   <div class='ocr_carea' id='block_1_3' title="bbox 17 956 1111 1114">
    <p class='ocr_par' dir='ltr' id='par_1_3' title="bbox 17 956 1111 1114">
     <span class='ocr_line' id='line_1_8' title="bbox 17 956 1111 1034; baseline 0.007 -26"><span class='ocrx_word' id='word_1_52' title='bbox 17 1005 19 1008; x_wconf 86' lang='lat'>.</span> <span class='ocrx_word' id='word_1_53' title='bbox 106 966 153 1014; x_wconf 91' lang='lat' dir='ltr'><strong>tus</strong></span> <span class='ocrx_word' id='word_1_54' title='bbox 177 957 298 1014; x_wconf 91' lang='lat' dir='ltr'><strong>comiter</strong></span> <span class='ocrx_word' id='word_1_55' title='bbox 320 956 421 1014; x_wconf 88' lang='lat' dir='ltr'><strong>invitat</strong></span> <span class='ocrx_word' id='word_1_56' title='bbox 444 959 541 1034; x_wconf 85' lang='lat' dir='ltr'><strong>regios</strong></span> <span class='ocrx_word' id='word_1_57' title='bbox 560 958 689 1033; x_wconf 88' lang='lat' dir='ltr'><strong>juvenes.</strong></span> <span class='ocrx_word' id='word_1_58' title='bbox 732 957 777 1014; x_wconf 92' lang='lat' dir='ltr'><strong>lbi</strong></span> <span class='ocrx_word' id='word_1_59' title='bbox 793 959 860 1015; x_wconf 85' lang='lat' dir='ltr'><strong>Sex.</strong></span> <span class='ocrx_word' id='word_1_60' title='bbox 885 959 1111 1032; x_wconf 73' lang='lat' dir='ltr'><strong>Tarquinium·v</strong></span> 
     </span>
     <span class='ocr_line' id='line_1_9' title="bbox 17 1035 1081 1114; baseline 0.002 -22"><span class='ocrx_word' id='word_1_61' title='bbox 17 1101 20 1110; x_wconf 37' lang='grc' dir='ltr'>Ι</span> <span class='ocrx_word' id='word_1_62' title='bbox 107 1035 183 1092; x_wconf 85' lang='lat' dir='ltr'><strong>mala</strong></span> <span class='ocrx_word' id='word_1_63' title='bbox 196 1036 285 1093; x_wconf 93' lang='lat' dir='ltr'><strong>libido</strong></span> <span class='ocrx_word' id='word_1_64' title='bbox 299 1035 443 1094; x_wconf 80' lang='lat' dir='ltr'><strong>Lucretiae</strong></span> <span class='ocrx_word' id='word_1_65' title='bbox 457 1055 507 1112; x_wconf 83' lang='lat' dir='ltr'><strong>per</strong></span> <span class='ocrx_word' id='word_1_66' title='bbox 532 1038 589 1094; x_wconf 87' lang='lat' dir='ltr'><strong>vim</strong></span> <span class='ocrx_word' id='word_1_67' title='bbox 604 1038 767 1113; x_wconf 85' lang='lat' dir='ltr'><strong>stuprandae</strong></span> <span class='ocrx_word' id='word_1_68' title='bbox 784 1038 882 1114; x_wconf 84' lang='lat' dir='ltr'><strong>capit:</strong></span> <span class='ocrx_word' id='word_1_69' title='bbox 904 1049 966 1095; x_wconf 89' lang='lat' dir='ltr'><strong>tum</strong></span> <span class='ocrx_word' id='word_1_70' title='bbox 981 1037 1081 1109; x_wconf 84' lang='lat' dir='ltr'><strong>forma,</strong></span> 
     </span>
    </p>
   </div>
   <div class='ocr_carea' id='block_1_4' title="bbox 105 1117 1121 1310">
    <p class='ocr_par' dir='ltr' id='par_1_4' title="bbox 105 1117 1121 1310">
     <span class='ocr_line' id='line_1_10' title="bbox 106 1117 1083 1198; baseline 0.003 -26"><span class='ocrx_word' id='word_1_71' title='bbox 106 1124 169 1172; x_wconf 90' lang='lat' dir='ltr'><strong>tum</strong></span> <span class='ocrx_word' id='word_1_72' title='bbox 183 1125 313 1189; x_wconf 86' lang='lat' dir='ltr'><strong>spectata</strong></span> <span class='ocrx_word' id='word_1_73' title='bbox 326 1117 442 1174; x_wconf 88' lang='lat' dir='ltr'><strong>castitas</strong></span> <span class='ocrx_word' id='word_1_74' title='bbox 463 1117 573 1174; x_wconf 87' lang='lat' dir='ltr'><strong>incitat.</strong></span> <span class='ocrx_word' id='word_1_75' title='bbox 615 1117 654 1174; x_wconf 87' lang='lat' dir='ltr'><strong>Et</strong></span> <span class='ocrx_word' id='word_1_76' title='bbox 677 1127 737 1174; x_wconf 90' lang='lat' dir='ltr'><strong>tum</strong></span> <span class='ocrx_word' id='word_1_77' title='bbox 751 1117 868 1198; x_wconf 90' lang='lat' dir='ltr'><strong>quidem</strong></span> <span class='ocrx_word' id='word_1_78' title='bbox 890 1118 927 1174; x_wconf 91' lang='lat' dir='ltr'><strong>ab</strong></span> <span class='ocrx_word' id='word_1_79' title='bbox 941 1128 1083 1175; x_wconf 89' lang='lat' dir='ltr'><strong>nocturno</strong></span> 
     </span>
     <span class='ocr_line' id='line_1_11' title="bbox 105 1193 1121 1310; baseline -0.004 -60"><span class='ocrx_word' id='word_1_80' title='bbox 105 1193 226 1270; x_wconf 84' lang='lat' dir='ltr'><strong>juvenili</strong></span> <span class='ocrx_word' id='word_1_81' title='bbox 239 1193 351 1264; x_wconf 79' lang='lat' dir='ltr'><strong>luduin</strong></span> <span class='ocrx_word' id='word_1_82' title='bbox 365 1207 460 1254; x_wconf 86' lang='lat' dir='ltr'><strong>castra</strong></span> <span class='ocrx_word' id='word_1_83' title='bbox 474 1197 604 1254; x_wconf 87' lang='lat' dir='ltr'><strong>redeunt.</strong></span> <span class='ocrx_word' id='word_1_84' title='bbox 633 1199 694 1310; x_wconf 42' lang='lat' dir='ltr'><strong>qs</strong></span> <span class='ocrx_word' id='word_1_85' title='bbox 1095 1207 1121 1247; x_wconf 85' lang='lat' dir='ltr'><strong>to</strong></span> 
     </span>
    </p>
   </div>
   <div class='ocr_carea' id='block_1_5' title="bbox 72 1311 1154 2777">
    <p class='ocr_par' dir='ltr' id='par_1_5' title="bbox 662 1311 678 1338">
     <span class='ocr_line' id='line_1_12' title="bbox 662 1311 678 1338; baseline 0 0"><span class='ocrx_word' id='word_1_86' title='bbox 662 1311 678 1338; x_wconf 60' lang='lat' dir='ltr'><strong>&#39;N</strong></span> 
     </span>
    </p>

    <p class='ocr_par' dir='ltr' id='par_1_6' title="bbox 72 1319 1154 2777">
     <span class='ocr_line' id='line_1_13' title="bbox 149 1319 1085 1429; baseline 0 -19"><span class='ocrx_word' id='word_1_87' title='bbox 149 1351 264 1410; x_wconf 87' lang='lat' dir='ltr'><strong>LVIlI.</strong></span> <span class='ocrx_word' id='word_1_88' title='bbox 284 1352 389 1414; x_wconf 88' lang='lat' dir='ltr'><strong>Paucis</strong></span> <span class='ocrx_word' id='word_1_89' title='bbox 402 1353 560 1429; x_wconf 89' lang='lat' dir='ltr'><strong>interjectis</strong></span> <span class='ocrx_word' id='word_1_90' title='bbox 579 1319 690 1420; x_wconf 79' lang='lat' dir='ltr'><strong>diebus,</strong></span> <span class='ocrx_word' id='word_1_91' title='bbox 707 1355 773 1412; x_wconf 88' lang='lat' dir='ltr'><strong>Sex.</strong></span> <span class='ocrx_word' id='word_1_92' title='bbox 789 1352 977 1429; x_wconf 85' lang='lat' dir='ltr'><strong>Tarquinius,</strong></span> <span class='ocrx_word' id='word_1_93' title='bbox 992 1353 1085 1411; x_wconf 89' lang='lat' dir='ltr'><strong>inscio</strong></span> 
     </span>
     <span class='ocr_line' id='line_1_14' title="bbox 109 1431 1085 1507; baseline 0 -19"><span class='ocrx_word' id='word_1_94' title='bbox 109 1431 263 1500; x_wconf 82' lang='lat' dir='ltr'><strong>Collatiae,</strong></span> <span class='ocrx_word' id='word_1_95' title='bbox 284 1451 350 1489; x_wconf 91' lang='lat' dir='ltr'><strong>cum</strong></span> <span class='ocrx_word' id='word_1_96' title='bbox 376 1433 480 1491; x_wconf 88' lang='lat' dir='ltr'><strong>comite</strong></span> <span class='ocrx_word' id='word_1_97' title='bbox 506 1454 563 1491; x_wconf 90' lang='lat' dir='ltr'><strong>uno</strong></span> <span class='ocrx_word' id='word_1_98' title='bbox 587 1434 740 1491; x_wconf 83' lang='lat' dir='ltr'><strong>Collatiam</strong></span> <span class='ocrx_word' id='word_1_99' title='bbox 761 1435 858 1492; x_wconf 88' lang='lat' dir='ltr'><strong>venit:</strong></span> <span class='ocrx_word' id='word_1_100' title='bbox 881 1434 930 1490; x_wconf 94' lang='lat' dir='ltr'><strong>ubi</strong></span> <span class='ocrx_word' id='word_1_101' title='bbox 944 1442 1085 1507; x_wconf 88' lang='lat' dir='ltr'><strong>exceptus</strong></span> 
     </span>
     <span class='ocr_line' id='line_1_15' title="bbox 109 1509 1084 1588; baseline 0 -20"><span class='ocrx_word' id='word_1_102' title='bbox 109 1509 235 1587; x_wconf 74' lang='lat' dir='ltr'><strong>benigne</strong></span> <span class='ocrx_word' id='word_1_103' title='bbox 251 1512 286 1568; x_wconf 89' lang='lat' dir='ltr'><strong>ab</strong></span> <span class='ocrx_word' id='word_1_104' title='bbox 301 1511 408 1588; x_wconf 83' lang='lat' dir='ltr'><strong>ignaris</strong></span> <span class='ocrx_word' id='word_1_105' title='bbox 422 1513 544 1584; x_wconf 89' lang='lat' dir='ltr'><strong>consilii,</strong></span> <span class='ocrx_word' id='word_1_106' title='bbox 558 1533 646 1588; x_wconf 88' lang='lat' dir='ltr'><strong>quum</strong></span> <span class='ocrx_word' id='word_1_107' title='bbox 670 1523 734 1588; x_wconf 89' lang='lat' dir='ltr'><strong>post</strong></span> <span class='ocrx_word' id='word_1_108' title='bbox 755 1533 868 1570; x_wconf 90' lang='lat' dir='ltr'><strong>coenam</strong></span> <span class='ocrx_word' id='word_1_109' title='bbox 894 1513 924 1571; x_wconf 92' lang='lat' dir='ltr'><strong>in</strong></span> <span class='ocrx_word' id='word_1_110' title='bbox 946 1511 1084 1587; x_wconf 89' lang='lat' dir='ltr'><strong>hospitale</strong></span> 
     </span>
     <span class='ocr_line' id='line_1_16' title="bbox 110 1590 1085 1673; baseline -0.001 -26"><span class='ocrx_word' id='word_1_111' title='bbox 110 1591 277 1648; x_wconf 87' lang='lat' dir='ltr'><strong>cubiculum</strong></span> <span class='ocrx_word' id='word_1_112' title='bbox 299 1593 440 1648; x_wconf 92' lang='lat' dir='ltr'><strong>deductus</strong></span> <span class='ocrx_word' id='word_1_113' title='bbox 464 1603 549 1660; x_wconf 90' lang='lat' dir='ltr'><strong>esset,</strong></span> <span class='ocrx_word' id='word_1_114' title='bbox 577 1609 673 1649; x_wconf 90' lang='lat' dir='ltr'><strong>amore</strong></span> <span class='ocrx_word' id='word_1_115' title='bbox 699 1593 812 1665; x_wconf 90' lang='lat' dir='ltr'><strong>ardens,</strong></span> <span class='ocrx_word' id='word_1_116' title='bbox 839 1602 988 1673; x_wconf 86' lang='lat' dir='ltr'><strong>postquam</strong></span> <span class='ocrx_word' id='word_1_117' title='bbox 1017 1590 1085 1647; x_wconf 89' lang='lat' dir='ltr'><strong>satis</strong></span> 
     </span>
     <span class='ocr_line' id='line_1_17' title="bbox 110 1669 1123 1747; baseline 0 -21"><span class='ocrx_word' id='word_1_118' title='bbox 110 1678 171 1726; x_wconf 86' lang='lat' dir='ltr'><strong>tuta</strong></span> <span class='ocrx_word' id='word_1_119' title='bbox 185 1669 274 1738; x_wconf 72' lang='lat' dir='ltr'><strong>cirea,</strong></span> <span class='ocrx_word' id='word_1_120' title='bbox 290 1671 429 1746; x_wconf 90' lang='lat' dir='ltr'><strong>sopitique</strong></span> <span class='ocrx_word' id='word_1_121' title='bbox 442 1691 543 1729; x_wconf 91' lang='lat' dir='ltr'><strong>omnes</strong></span> <span class='ocrx_word' id='word_1_122' title='bbox 557 1671 737 1739; x_wconf 89' lang='lat' dir='ltr'><strong>videbantur,</strong></span> <span class='ocrx_word' id='word_1_123' title='bbox 749 1673 848 1728; x_wconf 87' lang='lat' dir='ltr'><strong>stricto</strong></span> <span class='ocrx_word' id='word_1_124' title='bbox 861 1672 958 1747; x_wconf 83' lang='lat' dir='ltr'><strong>gladio</strong></span> <span class='ocrx_word' id='word_1_125' title='bbox 972 1671 1007 1727; x_wconf 95' lang='lat' dir='ltr'><strong>ad</strong></span> <span class='ocrx_word' id='word_1_126' title='bbox 1022 1670 1123 1727; x_wconf 80' lang='lat' dir='ltr'><strong>dor-1⁵</strong></span> 
     </span>
     <span class='ocr_line' id='line_1_18' title="bbox 111 1749 1086 1826; baseline -0.001 -20"><span class='ocrx_word' id='word_1_127' title='bbox 111 1749 249 1807; x_wconf 89' lang='lat' dir='ltr'><strong>mientem</strong></span> <span class='ocrx_word' id='word_1_128' title='bbox 272 1751 438 1808; x_wconf 88' lang='lat' dir='ltr'><strong>Lucretiam</strong></span> <span class='ocrx_word' id='word_1_129' title='bbox 462 1751 550 1818; x_wconf 79' lang='lat' dir='ltr'><strong>uenit,</strong></span> <span class='ocrx_word' id='word_1_130' title='bbox 565 1751 735 1826; x_wconf 73' lang='lat' dir='ltr'><strong>sinistraque</strong></span> <span class='ocrx_word' id='word_1_131' title='bbox 760 1770 848 1810; x_wconf 89' lang='lat' dir='ltr'><strong>manu</strong></span> <span class='ocrx_word' id='word_1_132' title='bbox 869 1750 998 1807; x_wconf 90' lang='lat' dir='ltr'><strong>mulieris</strong></span> <span class='ocrx_word' id='word_1_133' title='bbox 1019 1767 1086 1824; x_wconf 90' lang='lat' dir='ltr'><strong>pec-</strong></span> 
     </span>
     <span class='ocr_line' id='line_1_19' title="bbox 111 1828 1087 1905; baseline -0.001 -20"><span class='ocrx_word' id='word_1_134' title='bbox 111 1838 172 1886; x_wconf 90' lang='lat' dir='ltr'><strong>tore</strong></span> <span class='ocrx_word' id='word_1_135' title='bbox 186 1849 333 1905; x_wconf 90' lang='lat' dir='ltr'><strong>oppresso,</strong></span> <span class='ocrx_word' id='word_1_136' title='bbox 347 1839 365 1866; x_wconf 88' lang='lat'><strong>“</strong></span> <span class='ocrx_word' id='word_1_137' title='bbox 378 1830 470 1898; x_wconf 85' lang='lat' dir='ltr'><strong>Tace,</strong></span> <span class='ocrx_word' id='word_1_138' title='bbox 496 1830 664 1898; x_wconf 89' lang='lat' dir='ltr'><strong>Lucretia,&#39;’</strong></span> <span class='ocrx_word' id='word_1_139' title='bbox 686 1831 797 1905; x_wconf 90' lang='lat' dir='ltr'><strong>inquit:</strong></span> <span class='ocrx_word' id='word_1_140' title='bbox 819 1835 838 1862; x_wconf 83' lang='lat'><strong>‘⁴</strong></span> <span class='ocrx_word' id='word_1_141' title='bbox 849 1831 915 1886; x_wconf 85' lang='lat' dir='ltr'><strong>Sex.</strong></span> <span class='ocrx_word' id='word_1_142' title='bbox 930 1828 1087 1902; x_wconf 88' lang='lat' dir='ltr'><strong>Tarquini-</strong></span> 
     </span>
     <span class='ocr_line' id='line_1_20' title="bbox 113 1907 1086 1978; baseline 0.001 -13"><span class='ocrx_word' id='word_1_143' title='bbox 113 1913 132 1939; x_wconf 89' lang='lat'><strong>“</strong></span> <span class='ocrx_word' id='word_1_144' title='bbox 145 1928 179 1966; x_wconf 90' lang='lat' dir='ltr'><strong>us</strong></span> <span class='ocrx_word' id='word_1_145' title='bbox 203 1929 287 1978; x_wconf 86' lang='lat' dir='ltr'><strong>sum;</strong></span> <span class='ocrx_word' id='word_1_146' title='bbox 308 1910 413 1965; x_wconf 87' lang='lat' dir='ltr'><strong>serrum</strong></span> <span class='ocrx_word' id='word_1_147' title='bbox 439 1909 469 1966; x_wconf 92' lang='lat' dir='ltr'><strong>iu</strong></span> <span class='ocrx_word' id='word_1_148' title='bbox 493 1929 582 1966; x_wconf 87' lang='lat' dir='ltr'><strong>manu</strong></span> <span class='ocrx_word' id='word_1_149' title='bbox 606 1923 667 1966; x_wconf 89' lang='lat' dir='ltr'><strong>est:</strong></span> <span class='ocrx_word' id='word_1_150' title='bbox 690 1910 821 1976; x_wconf 72' lang='lat' dir='ltr'><strong>moriere,</strong></span> <span class='ocrx_word' id='word_1_151' title='bbox 832 1909 862 1965; x_wconf 87' lang='lat' dir='ltr'><strong>si</strong></span> <span class='ocrx_word' id='word_1_152' title='bbox 887 1907 1017 1965; x_wconf 89' lang='lat' dir='ltr'><strong>emiseris</strong></span> <span class='ocrx_word' id='word_1_153' title='bbox 1038 1925 1086 1966; x_wconf 78' lang='lat' dir='ltr'><strong>vc·</strong></span> 
     </span>
     <span class='ocr_line' id='line_1_21' title="bbox 113 1986 1085 2062; baseline -0.001 -19"><span class='ocrx_word' id='word_1_154' title='bbox 113 1987 238 2052; x_wconf 68' lang='lat' dir='ltr'><strong>‘fcem”</strong></span> <span class='ocrx_word' id='word_1_155' title='bbox 291 1987 392 2048; x_wconf 79' lang='lat' dir='ltr'><strong>Quum</strong></span> <span class='ocrx_word' id='word_1_156' title='bbox 417 1988 520 2062; x_wconf 87' lang='lat' dir='ltr'><strong>pavida</strong></span> <span class='ocrx_word' id='word_1_157' title='bbox 543 2008 580 2044; x_wconf 89' lang='lat' dir='ltr'><strong>ex</strong></span> <span class='ocrx_word' id='word_1_158' title='bbox 606 2008 707 2046; x_wconf 90' lang='lat' dir='ltr'><strong>somno</strong></span> <span class='ocrx_word' id='word_1_159' title='bbox 731 1988 833 2045; x_wconf 88' lang='lat' dir='ltr'><strong>mulier</strong></span> <span class='ocrx_word' id='word_1_160' title='bbox 857 1986 967 2044; x_wconf 89' lang='lat' dir='ltr'><strong>nullam</strong></span> <span class='ocrx_word' id='word_1_161' title='bbox 990 2004 1085 2060; x_wconf 91' lang='lat' dir='ltr'><strong>opem,</strong></span> 
     </span>
     <span class='ocr_line' id='line_1_22' title="bbox 112 2065 1125 2142; baseline 0 -20"><span class='ocrx_word' id='word_1_162' title='bbox 112 2065 200 2142; x_wconf 74' lang='lat' dir='ltr'><strong>prope</strong></span> <span class='ocrx_word' id='word_1_163' title='bbox 215 2076 334 2123; x_wconf 90' lang='lat' dir='ltr'><strong>mortem</strong></span> <span class='ocrx_word' id='word_1_164' title='bbox 351 2067 561 2134; x_wconf 87' lang='lat' dir='ltr'><strong>imminentem,</strong></span> <span class='ocrx_word' id='word_1_165' title='bbox 576 2067 704 2137; x_wconf 84' lang='lat' dir='ltr'><strong>videret3</strong></span> <span class='ocrx_word' id='word_1_166' title='bbox 725 2077 786 2124; x_wconf 90' lang='lat' dir='ltr'><strong>tum</strong></span> <span class='ocrx_word' id='word_1_167' title='bbox 808 2066 988 2140; x_wconf 84' lang='lat' dir='ltr'><strong>Tarquinius</strong></span> <span class='ocrx_word' id='word_1_168' title='bbox 1003 2065 1086 2122; x_wconf 85' lang='lat' dir='ltr'><strong>fateri</strong></span> <span class='ocrx_word' id='word_1_169' title='bbox 1096 2073 1125 2114; x_wconf 74' lang='lat'><strong>2⁰</strong></span> 
     </span>
     <span class='ocr_line' id='line_1_23' title="bbox 114 2141 1143 2222; baseline -0.001 -20"><span class='ocrx_word' id='word_1_170' title='bbox 114 2163 251 2212; x_wconf 88' lang='lat' dir='ltr'><strong>amorem,</strong></span> <span class='ocrx_word' id='word_1_171' title='bbox 275 2146 504 2218; x_wconf 87' lang='lat' dir='ltr'><strong>orare,miscere</strong></span> <span class='ocrx_word' id='word_1_172' title='bbox 528 2147 665 2222; x_wconf 85' lang='lat' dir='ltr'><strong>precibus</strong></span> <span class='ocrx_word' id='word_1_173' title='bbox 686 2147 790 2218; x_wconf 92' lang='lat' dir='ltr'><strong>minas,</strong></span> <span class='ocrx_word' id='word_1_174' title='bbox 815 2165 927 2203; x_wconf 89' lang='lat' dir='ltr'><strong>versare</strong></span> <span class='ocrx_word' id='word_1_175' title='bbox 943 2146 972 2201; x_wconf 92' lang='lat' dir='ltr'><strong>in</strong></span> <span class='ocrx_word' id='word_1_176' title='bbox 986 2141 1101 2215; x_wconf 29' lang='lat' dir='ltr'><strong>omires,</strong></span> <span class='ocrx_word' id='word_1_177' title='bbox 1141 2216 1143 2220; x_wconf 67' lang='lat'><strong>,</strong></span> 
     </span>
     <span class='ocr_line' id='line_1_24' title="bbox 113 2221 1086 2300; baseline -0.001 -20"><span class='ocrx_word' id='word_1_178' title='bbox 113 2235 209 2300; x_wconf 89' lang='lat' dir='ltr'><strong>partes</strong></span> <span class='ocrx_word' id='word_1_179' title='bbox 230 2223 399 2282; x_wconf 83' lang='lat' dir='ltr'><strong>muliebrem</strong></span> <span class='ocrx_word' id='word_1_180' title='bbox 424 2225 561 2282; x_wconf 89' lang='lat' dir='ltr'><strong>animum.</strong></span> <span class='ocrx_word' id='word_1_181' title='bbox 603 2222 660 2283; x_wconf 87' lang='lat' dir='ltr'><strong>Ubi</strong></span> <span class='ocrx_word' id='word_1_182' title='bbox 674 2226 847 2284; x_wconf 85' lang='lat' dir='ltr'><strong>obstinatam</strong></span> <span class='ocrx_word' id='word_1_183' title='bbox 868 2225 992 2296; x_wconf 79' lang='lat' dir='ltr'><strong>videbat,</strong></span> <span class='ocrx_word' id='word_1_184' title='bbox 1007 2221 1086 2280; x_wconf 86' lang='lat' dir='ltr'><strong>etue</strong></span> 
     </span>
     <span class='ocr_line' id='line_1_25' title="bbox 114 2304 1121 2378; baseline 0.003 -18"><span class='ocrx_word' id='word_1_185' title='bbox 114 2304 213 2360; x_wconf 91' lang='lat' dir='ltr'><strong>mortis</strong></span> <span class='ocrx_word' id='word_1_186' title='bbox 236 2304 353 2378; x_wconf 86' lang='lat' dir='ltr'><strong>quidem</strong></span> <span class='ocrx_word' id='word_1_187' title='bbox 378 2315 455 2362; x_wconf 90' lang='lat' dir='ltr'><strong>metu</strong></span> <span class='ocrx_word' id='word_1_188' title='bbox 478 2305 621 2372; x_wconf 86' lang='lat' dir='ltr'><strong>inclinari,</strong></span> <span class='ocrx_word' id='word_1_189' title='bbox 644 2305 724 2362; x_wconf 90' lang='lat' dir='ltr'><strong>addit</strong></span> <span class='ocrx_word' id='word_1_190' title='bbox 749 2306 784 2362; x_wconf 90' lang='lat' dir='ltr'><strong>ad</strong></span> <span class='ocrx_word' id='word_1_191' title='bbox 807 2315 914 2362; x_wconf 91' lang='lat' dir='ltr'><strong>metum</strong></span> <span class='ocrx_word' id='word_1_192' title='bbox 942 2304 1088 2360; x_wconf 87' lang='lat' dir='ltr'><strong>dedecus:</strong></span> <span class='ocrx_word' id='word_1_193' title='bbox 1118 2359 1121 2363; x_wconf 86' lang='lat'>.</span> 
     </span>
     <span class='ocr_line' id='line_1_26' title="bbox 72 2381 1154 2460; baseline -0.003 -20"><span class='ocrx_word' id='word_1_194' title='bbox 72 2427 76 2439; x_wconf 62' lang='lat'><strong>,</strong></span> <span class='ocrx_word' id='word_1_195' title='bbox 115 2403 182 2440; x_wconf 91' lang='lat' dir='ltr'><strong>cum</strong></span> <span class='ocrx_word' id='word_1_196' title='bbox 202 2386 313 2440; x_wconf 72' lang='lat' dir='ltr'><strong>mortui</strong></span> <span class='ocrx_word' id='word_1_197' title='bbox 326 2383 488 2460; x_wconf 78' lang='lat' dir='ltr'><strong>jugulatum</strong></span> <span class='ocrx_word' id='word_1_198' title='bbox 511 2405 624 2442; x_wconf 88' lang='lat' dir='ltr'><strong>servum</strong></span> <span class='ocrx_word' id='word_1_199' title='bbox 637 2385 749 2442; x_wconf 91' lang='lat' dir='ltr'><strong>nudum</strong></span> <span class='ocrx_word' id='word_1_200' title='bbox 763 2385 933 2460; x_wconf 89' lang='lat' dir='ltr'><strong>positurum,</strong></span> <span class='ocrx_word' id='word_1_201' title='bbox 950 2383 1000 2455; x_wconf 88' lang='lat' dir='ltr'><strong>ait,</strong></span> <span class='ocrx_word' id='word_1_202' title='bbox 1014 2392 1046 2438; x_wconf 87' lang='lat' dir='ltr'><strong>ut</strong></span> <span class='ocrx_word' id='word_1_203' title='bbox 1059 2381 1088 2438; x_wconf 91' lang='lat' dir='ltr'><strong>in</strong></span> <span class='ocrx_word' id='word_1_204' title='bbox 1151 2425 1154 2430; x_wconf 91' lang='lat'>.</span> 
     </span>
     <span class='ocr_line' id='line_1_27' title="bbox 116 2460 1128 2537; baseline -0.006 -17"><span class='ocrx_word' id='word_1_205' title='bbox 116 2463 231 2520; x_wconf 89' lang='lat' dir='ltr'><strong>sordido</strong></span> <span class='ocrx_word' id='word_1_206' title='bbox 246 2463 386 2522; x_wconf 90' lang='lat' dir='ltr'><strong>adulterio</strong></span> <span class='ocrx_word' id='word_1_207' title='bbox 410 2475 514 2522; x_wconf 89' lang='lat' dir='ltr'><strong>necata</strong></span> <span class='ocrx_word' id='word_1_208' title='bbox 536 2465 657 2522; x_wconf 90' lang='lat' dir='ltr'><strong>dicatur.</strong></span> <span class='ocrx_word' id='word_1_209' title='bbox 698 2463 769 2525; x_wconf 80' lang='lat' dir='ltr'><strong>Quo</strong></span> <span class='ocrx_word' id='word_1_210' title='bbox 784 2471 892 2522; x_wconf 83' lang='lat' dir='ltr'><strong>terrore</strong></span> <span class='ocrx_word' id='word_1_211' title='bbox 906 2481 993 2537; x_wconf 92' lang='lat' dir='ltr'><strong>quum</strong></span> <span class='ocrx_word' id='word_1_212' title='bbox 1009 2460 1128 2516; x_wconf 81' lang='lat' dir='ltr'><strong>vicis-as</strong></span> 
     </span>
     <span class='ocr_line' id='line_1_28' title="bbox 116 2541 1091 2619; baseline -0.006 -19"><span class='ocrx_word' id='word_1_213' title='bbox 116 2552 160 2600; x_wconf 89' lang='lat' dir='ltr'><strong>set</strong></span> <span class='ocrx_word' id='word_1_214' title='bbox 173 2543 344 2600; x_wconf 87' lang='lat' dir='ltr'><strong>obstinatam</strong></span> <span class='ocrx_word' id='word_1_215' title='bbox 369 2544 538 2619; x_wconf 90' lang='lat' dir='ltr'><strong>pudicitiam</strong></span> <span class='ocrx_word' id='word_1_216' title='bbox 563 2546 640 2602; x_wconf 87' lang='lat' dir='ltr'><strong>velut</strong></span> <span class='ocrx_word' id='word_1_217' title='bbox 655 2544 757 2601; x_wconf 90' lang='lat' dir='ltr'><strong>victrix</strong></span> <span class='ocrx_word' id='word_1_218' title='bbox 771 2543 870 2611; x_wconf 85' lang='lat' dir='ltr'><strong>libido,</strong></span> <span class='ocrx_word' id='word_1_219' title='bbox 889 2541 1091 2617; x_wconf 81' lang='lat' dir='ltr'><strong>profectusque</strong></span> 
     </span>
     <span class='ocr_line' id='line_1_29' title="bbox 117 2621 1090 2700; baseline -0.005 -21"><span class='ocrx_word' id='word_1_220' title='bbox 117 2623 185 2680; x_wconf 93' lang='lat' dir='ltr'><strong>inde</strong></span> <span class='ocrx_word' id='word_1_221' title='bbox 200 2623 388 2698; x_wconf 87' lang='lat' dir='ltr'><strong>Tarquinius,</strong></span> <span class='ocrx_word' id='word_1_222' title='bbox 410 2624 491 2682; x_wconf 81' lang='lat' dir='ltr'><strong>ferox</strong></span> <span class='ocrx_word' id='word_1_223' title='bbox 515 2636 679 2700; x_wconf 84' lang='lat' dir='ltr'><strong>expugnato</strong></span> <span class='ocrx_word' id='word_1_224' title='bbox 703 2624 808 2680; x_wconf 91' lang='lat' dir='ltr'><strong>decore</strong></span> <span class='ocrx_word' id='word_1_225' title='bbox 832 2621 976 2688; x_wconf 85' lang='lat' dir='ltr'><strong>muliebri,</strong></span> <span class='ocrx_word' id='word_1_226' title='bbox 998 2631 1090 2686; x_wconf 88' lang='lat' dir='ltr'><strong>esset;</strong></span> 
     </span>
     <span class='ocr_line' id='line_1_30' title="bbox 118 2697 1092 2777; baseline -0.004 -19"><span class='ocrx_word' id='word_1_227' title='bbox 118 2701 264 2775; x_wconf 86' lang='lat' dir='ltr'><strong>Lucretia,</strong></span> <span class='ocrx_word' id='word_1_228' title='bbox 279 2714 387 2760; x_wconf 78' lang='lat' dir='ltr'><strong>moesta&#39;</strong></span> <span class='ocrx_word' id='word_1_229' title='bbox 403 2713 482 2760; x_wconf 89' lang='lat' dir='ltr'><strong>tanto</strong></span> <span class='ocrx_word' id='word_1_230' title='bbox 506 2705 594 2776; x_wconf 84' lang='lat' dir='ltr'><strong>malo,</strong></span> <span class='ocrx_word' id='word_1_231' title='bbox 613 2703 745 2760; x_wconf 88' lang='lat' dir='ltr'><strong>nuntium</strong></span> <span class='ocrx_word' id='word_1_232' title='bbox 766 2703 893 2777; x_wconf 75' lang='lat' dir='ltr'><strong>Romam</strong></span> <span class='ocrx_word' id='word_1_233' title='bbox 906 2701 1042 2770; x_wconf 82' lang='lat' dir='ltr'><strong>eumdem</strong></span> <span class='ocrx_word' id='word_1_234' title='bbox 1056 2697 1092 2754; x_wconf 82' lang='lat' dir='ltr'><strong>ad</strong></span> 
     </span>
    </p>
   </div>
   <div class='ocr_carea' id='block_1_6' title="bbox 33 2775 1156 2856">
    <p class='ocr_par' dir='ltr' id='par_1_7' title="bbox 33 2775 1156 2856">
     <span class='ocr_line' id='line_1_31' title="bbox 33 2775 1156 2856; baseline -0.005 -19"><span class='ocrx_word' id='word_1_235' title='bbox 33 2805 35 2812; x_wconf 86' lang='lat'><em>·</em></span> <span class='ocrx_word' id='word_1_236' title='bbox 117 2791 237 2854; x_wconf 90' lang='lat' dir='ltr'><strong>patrem,</strong></span> <span class='ocrx_word' id='word_1_237' title='bbox 253 2783 442 2856; x_wconf 84' lang='lat' dir='ltr'><strong>Ardeamque</strong></span> <span class='ocrx_word' id='word_1_238' title='bbox 453 2784 488 2838; x_wconf 90' lang='lat' dir='ltr'><strong>ad</strong></span> <span class='ocrx_word' id='word_1_239' title='bbox 502 2783 593 2840; x_wconf 85' lang='lat' dir='ltr'><strong>virum</strong></span> <span class='ocrx_word' id='word_1_240' title='bbox 608 2782 703 2847; x_wconf 88' lang='lat' dir='ltr'><strong>mittit,</strong></span> <span class='ocrx_word' id='word_1_241' title='bbox 719 2791 751 2836; x_wconf 89' lang='lat' dir='ltr'><strong>ut</strong></span> <span class='ocrx_word' id='word_1_242' title='bbox 765 2797 832 2836; x_wconf 90' lang='lat' dir='ltr'><strong>cum</strong></span> <span class='ocrx_word' id='word_1_243' title='bbox 857 2778 978 2851; x_wconf 78' lang='lat' dir='ltr'><strong>singulis</strong></span> <span class='ocrx_word' id='word_1_244' title='bbox 996 2775 1094 2832; x_wconf 81' lang='lat' dir='ltr'><strong>‘fideli-</strong></span> <span class='ocrx_word' id='word_1_245' title='bbox 1148 2815 1156 2824; x_wconf 84' lang='lat'>-</span> 
     </span>
    </p>
   </div>
   <div class='ocr_carea' id='block_1_7' title="bbox 120 2859 1136 3891">
    <p class='ocr_par' dir='ltr' id='par_1_8' title="bbox 120 2859 1136 3891">
     <span class='ocr_line' id='line_1_32' title="bbox 120 2859 1136 2934; baseline -0.001 -20"><span class='ocrx_word' id='word_1_246' title='bbox 120 2859 173 2914; x_wconf 91' lang='lat' dir='ltr'><strong>bus</strong></span> <span class='ocrx_word' id='word_1_247' title='bbox 188 2860 289 2916; x_wconf 89' lang='lat' dir='ltr'><strong>amicis</strong></span> <span class='ocrx_word' id='word_1_248' title='bbox 303 2861 439 2918; x_wconf 87' lang='lat' dir='ltr'><strong>veniant:</strong></span> <span class='ocrx_word' id='word_1_249' title='bbox 460 2861 500 2918; x_wconf 88' lang='lat' dir='ltr'><strong>it&#39;a</strong></span> <span class='ocrx_word' id='word_1_250' title='bbox 522 2862 600 2917; x_wconf 85' lang='lat' dir='ltr'><strong>facto</strong></span> <span class='ocrx_word' id='word_1_251' title='bbox 622 2869 818 2932; x_wconf 89' lang='lat' dir='ltr'><strong>maturatoque</strong></span> <span class='ocrx_word' id='word_1_252' title='bbox 832 2875 903 2930; x_wconf 91' lang='lat' dir='ltr'><strong>opus</strong></span> <span class='ocrx_word' id='word_1_253' title='bbox 924 2873 987 2910; x_wconf 89' lang='lat' dir='ltr'><strong>esse</strong></span> <span class='ocrx_word' id='word_1_254' title='bbox 1002 2874 1011 2934; x_wconf 79' lang='lat'><em>3</em></span> <span class='ocrx_word' id='word_1_255' title='bbox 1032 2873 1136 2913; x_wconf 83' lang='lat' dir='ltr'><strong>remae.</strong></span> 
     </span>
     <span class='ocr_line' id='line_1_33' title="bbox 120 2933 1094 3014; baseline -0.01 -14"><span class='ocrx_word' id='word_1_256' title='bbox 120 2948 246 3000; x_wconf 75' lang='lat' dir='ltr'><strong>atrocem</strong></span> <span class='ocrx_word' id='word_1_257' title='bbox 271 2938 417 2999; x_wconf 77' lang='lat' dir='ltr'><strong>incidisse.</strong></span> <span class='ocrx_word' id='word_1_258' title='bbox 443 2941 509 3014; x_wconf 84' lang='lat' dir='ltr'><strong>·sp.</strong></span> <span class='ocrx_word' id='word_1_259' title='bbox 532 2939 684 2996; x_wconf 85' lang='lat' dir='ltr'><strong>Lucretius</strong></span> <span class='ocrx_word' id='word_1_260' title='bbox 708 2956 775 2994; x_wconf 92' lang='lat' dir='ltr'><strong>cum</strong></span> <span class='ocrx_word' id='word_1_261' title='bbox 800 2935 832 2992; x_wconf 92' lang='grc' dir='ltr'><strong>Ρ.</strong></span> <span class='ocrx_word' id='word_1_262' title='bbox 859 2934 974 2991; x_wconf 87' lang='lat' dir='ltr'><strong>Valerio</strong></span> <span class='ocrx_word' id='word_1_263' title='bbox 995 2933 1094 2990; x_wconf 84' lang='lat' dir='ltr'><strong>Volesi</strong></span> 
     </span>
     <span class='ocr_line' id='line_1_34' title="bbox 120 3011 1094 3090; baseline -0.005 -16"><span class='ocrx_word' id='word_1_264' title='bbox 120 3017 188 3090; x_wconf 70' lang='lat' dir='ltr'><strong>filio,</strong></span> <span class='ocrx_word' id='word_1_265' title='bbox 204 3016 365 3075; x_wconf 87' lang='lat' dir='ltr'><strong>Collatinus</strong></span> <span class='ocrx_word' id='word_1_266' title='bbox 389 3037 456 3076; x_wconf 87' lang='lat' dir='ltr'><strong>curn</strong></span> <span class='ocrx_word' id='word_1_267' title='bbox 481 3019 514 3075; x_wconf 92' lang='lat' dir='ltr'><strong>L.</strong></span> <span class='ocrx_word' id='word_1_268' title='bbox 540 3018 627 3077; x_wconf 88' lang='lat' dir='ltr'><strong>Junio</strong></span> <span class='ocrx_word' id='word_1_269' title='bbox 649 3017 738 3073; x_wconf 93' lang='lat' dir='ltr'><strong>Bruto</strong></span> <span class='ocrx_word' id='word_1_270' title='bbox 752 3014 848 3084; x_wconf 82' lang='lat' dir='ltr'><strong>venit3</strong></span> <span class='ocrx_word' id='word_1_271' title='bbox 870 3033 1007 3088; x_wconf 86' lang='lat' dir='ltr'><strong>cumque</strong></span> <span class='ocrx_word' id='word_1_272' title='bbox 1021 3011 1094 3070; x_wconf 76' lang='lat' dir='ltr'><strong>forte</strong></span> 
     </span>
     <span class='ocr_line' id='line_1_35' title="bbox 122 3093 1096 3154; baseline -0.006 -1"><span class='ocrx_word' id='word_1_273' title='bbox 122 3096 247 3153; x_wconf 89' lang='lat' dir='ltr'><strong>Romam</strong></span> <span class='ocrx_word' id='word_1_274' title='bbox 269 3098 386 3154; x_wconf 89' lang='lat' dir='ltr'><strong>rediens</strong></span> <span class='ocrx_word' id='word_1_275' title='bbox 407 3098 443 3153; x_wconf 90' lang='lat' dir='ltr'><strong>ab</strong></span> <span class='ocrx_word' id='word_1_276' title='bbox 471 3097 572 3153; x_wconf 89' lang='lat' dir='ltr'><strong>nuntio</strong></span> <span class='ocrx_word' id='word_1_277' title='bbox 594 3095 689 3152; x_wconf 89' lang='lat' dir='ltr'><strong>uxoris</strong></span> <span class='ocrx_word' id='word_1_278' title='bbox 703 3103 764 3151; x_wconf 89' lang='lat' dir='ltr'><strong>erat</strong></span> <span class='ocrx_word' id='word_1_279' title='bbox 778 3103 946 3150; x_wconf 78' lang='lat' dir='ltr'><strong>conventus</strong></span> <span class='ocrx_word' id='word_1_280' title='bbox 987 3093 1096 3148; x_wconf 86' lang='lat' dir='ltr'><strong>Lucre·</strong></span> 
     </span>
     <span class='ocr_line' id='line_1_36' title="bbox 122 3171 1095 3232; baseline -0.006 0"><span class='ocrx_word' id='word_1_281' title='bbox 122 3175 190 3232; x_wconf 86' lang='lat' dir='ltr'><strong>tiam</strong></span> <span class='ocrx_word' id='word_1_282' title='bbox 216 3177 364 3232; x_wconf 87' lang='lat' dir='ltr'><strong>sedentem</strong></span> <span class='ocrx_word' id='word_1_283' title='bbox 390 3187 520 3232; x_wconf 83' lang='lat' dir='ltr'><strong>moestam</strong></span> <span class='ocrx_word' id='word_1_284' title='bbox 546 3177 575 3232; x_wconf 91' lang='lat' dir='ltr'><strong>in</strong></span> <span class='ocrx_word' id='word_1_285' title='bbox 602 3174 738 3231; x_wconf 88' lang='lat' dir='ltr'><strong>cubiculo</strong></span> <span class='ocrx_word' id='word_1_286' title='bbox 761 3171 935 3229; x_wconf 90' lang='lat' dir='ltr'><strong>inveniunt:</strong></span> <span class='ocrx_word' id='word_1_287' title='bbox 970 3173 1095 3226; x_wconf 85' lang='lat' dir='ltr'><strong>adventu</strong></span> 
     </span>
     <span class='ocr_line' id='line_1_37' title="bbox 123 3248 1132 3329; baseline -0.008 -18"><span class='ocrx_word' id='word_1_288' title='bbox 123 3273 238 3312; x_wconf 90' lang='lat' dir='ltr'><strong>suorum</strong></span> <span class='ocrx_word' id='word_1_289' title='bbox 263 3255 397 3329; x_wconf 74' lang='lat' dir='ltr'><strong>lacrymas</strong></span> <span class='ocrx_word' id='word_1_290' title='bbox 418 3256 544 3312; x_wconf 69' lang='lat' dir='ltr'><strong>obortae:</strong></span> <span class='ocrx_word' id='word_1_291' title='bbox 573 3253 768 3329; x_wconf 78' lang='lat' dir='ltr'><strong>quaererrtique</strong></span> <span class='ocrx_word' id='word_1_292' title='bbox 793 3251 861 3316; x_wconf 84' lang='lat' dir='ltr'><strong>viru,</strong></span> <span class='ocrx_word' id='word_1_293' title='bbox 886 3254 902 3280; x_wconf 88' lang='lat'><strong>“</strong></span> <span class='ocrx_word' id='word_1_294' title='bbox 917 3249 1019 3305; x_wconf 65' lang='lat' dir='ltr'><strong>‘Sati&#39;n&#39;</strong></span> <span class='ocrx_word' id='word_1_295' title='bbox 1043 3248 1132 3312; x_wconf 83' lang='lat' dir='ltr'><strong>sal-35</strong></span> 
     </span>
     <span class='ocr_line' id='line_1_38' title="bbox 125 3327 1095 3407; baseline -0.007 -17"><span class='ocrx_word' id='word_1_296' title='bbox 125 3342 144 3370; x_wconf 86' lang='lat'>“</span> <span class='ocrx_word' id='word_1_297' title='bbox 157 3335 219 3390; x_wconf 73' lang='lat' dir='ltr'><strong>veel</strong></span> <span class='ocrx_word' id='word_1_298' title='bbox 230 3335 246 3360; x_wconf 85' lang='lat'><strong>’&#39;</strong></span> <span class='ocrx_word' id='word_1_299' title='bbox 289 3340 307 3365; x_wconf 89' lang='lat'><strong>“</strong></span> <span class='ocrx_word' id='word_1_300' title='bbox 321 3334 476 3406; x_wconf 70' lang='lat' dir='ltr'><strong>ultitim‹³,”</strong></span> <span class='ocrx_word' id='word_1_301' title='bbox 498 3333 608 3407; x_wconf 78' lang='lat' dir='ltr'><strong>inquit3</strong></span> <span class='ocrx_word' id='word_1_302' title='bbox 630 3338 648 3364; x_wconf 91' lang='lat'><strong>“</strong></span> <span class='ocrx_word' id='word_1_303' title='bbox 658 3332 726 3407; x_wconf 89' lang='lat' dir='ltr'><strong>quid</strong></span> <span class='ocrx_word' id='word_1_304' title='bbox 741 3331 818 3388; x_wconf 92' lang='lat' dir='ltr'><strong>euim</strong></span> <span class='ocrx_word' id='word_1_305' title='bbox 831 3327 900 3385; x_wconf 74' lang='lat' dir='ltr'><strong>salui</strong></span> <span class='ocrx_word' id='word_1_306' title='bbox 915 3337 958 3384; x_wconf 89' lang='lat' dir='ltr'><strong>est</strong></span> <span class='ocrx_word' id='word_1_307' title='bbox 972 3327 1095 3394; x_wconf 91' lang='lat' dir='ltr'><strong>mulieri,</strong></span> 
     </span>
     <span class='ocr_line' id='line_1_39' title="bbox 125 3407 1097 3489; baseline -0.007 -18"><span class='ocrx_word' id='word_1_308' title='bbox 125 3418 144 3446; x_wconf 82' lang='lat'><strong>‘⁴</strong></span> <span class='ocrx_word' id='word_1_309' title='bbox 157 3413 261 3470; x_wconf 74' lang='lat' dir='ltr'><strong>amissi</strong></span> <span class='ocrx_word' id='word_1_310' title='bbox 275 3412 437 3488; x_wconf 69' lang='lat' dir='ltr'><strong>pudicitiil</strong></span> <span class='ocrx_word' id='word_1_311' title='bbox 479 3413 612 3489; x_wconf 83' lang='lat' dir='ltr'><strong>Vestigia</strong></span> <span class='ocrx_word' id='word_1_312' title='bbox 625 3411 678 3468; x_wconf 87' lang='lat' dir='ltr'><strong>viri</strong></span> <span class='ocrx_word' id='word_1_313' title='bbox 693 3411 790 3482; x_wconf 79' lang='lat' dir='ltr'><strong>alieni,</strong></span> <span class='ocrx_word' id='word_1_314' title='bbox 805 3408 961 3479; x_wconf 86' lang='lat' dir='ltr'><strong>Collatine,</strong></span> <span class='ocrx_word' id='word_1_315' title='bbox 976 3407 1005 3463; x_wconf 91' lang='lat' dir='ltr'><strong>in</strong></span> <span class='ocrx_word' id='word_1_316' title='bbox 1020 3407 1097 3464; x_wconf 85' lang='lat' dir='ltr'><strong>lecto</strong></span> 
     </span>
     <span class='ocr_line' id='line_1_40' title="bbox 125 3486 1098 3568; baseline -0.009 -17"><span class='ocrx_word' id='word_1_317' title='bbox 125 3499 145 3526; x_wconf 88' lang='lat'><strong>“</strong></span> <span class='ocrx_word' id='word_1_318' title='bbox 157 3504 224 3551; x_wconf 90' lang='lat' dir='ltr'><strong>sunt</strong></span> <span class='ocrx_word' id='word_1_319' title='bbox 237 3504 296 3551; x_wconf 86' lang='lat' dir='ltr'><strong>tue.</strong></span> <span class='ocrx_word' id='word_1_320' title='bbox 338 3488 482 3548; x_wconf 80' lang='lat' dir='ltr'><strong>Caeterim</strong></span> <span class='ocrx_word' id='word_1_321' title='bbox 504 3512 608 3568; x_wconf 87' lang='lat' dir='ltr'><strong>corpus</strong></span> <span class='ocrx_word' id='word_1_322' title='bbox 630 3503 674 3549; x_wconf 92' lang='lat' dir='ltr'><strong>est</strong></span> <span class='ocrx_word' id='word_1_323' title='bbox 693 3491 804 3549; x_wconf 78' lang='lat' dir='ltr'><strong>tantum</strong></span> <span class='ocrx_word' id='word_1_324' title='bbox 825 3487 970 3558; x_wconf 89' lang='lat' dir='ltr'><strong>violatum,</strong></span> <span class='ocrx_word' id='word_1_325' title='bbox 985 3486 1098 3544; x_wconf 88' lang='lat' dir='ltr'><strong>animus</strong></span> 
     </span>
     <span class='ocr_line' id='line_1_41' title="bbox 125 3566 1098 3640; baseline -0.011 -8"><span class='ocrx_word' id='word_1_326' title='bbox 125 3579 146 3606; x_wconf 90' lang='lat'><strong>“</strong></span> <span class='ocrx_word' id='word_1_327' title='bbox 155 3573 272 3632; x_wconf 89' lang='lat' dir='ltr'><strong>insons:</strong></span> <span class='ocrx_word' id='word_1_328' title='bbox 307 3589 384 3629; x_wconf 90' lang='lat' dir='ltr'><strong>mors</strong></span> <span class='ocrx_word' id='word_1_329' title='bbox 410 3571 490 3628; x_wconf 89' lang='lat' dir='ltr'><strong>testis</strong></span> <span class='ocrx_word' id='word_1_330' title='bbox 511 3573 574 3629; x_wconf 88' lang='lat' dir='ltr'><strong>erit.</strong></span> <span class='ocrx_word' id='word_1_331' title='bbox 625 3572 683 3629; x_wconf 87' lang='lat' dir='ltr'><strong>Sed</strong></span> <span class='ocrx_word' id='word_1_332' title='bbox 710 3572 776 3627; x_wconf 87' lang='lat' dir='ltr'><strong>date</strong></span> <span class='ocrx_word' id='word_1_333' title='bbox 803 3569 919 3625; x_wconf 88' lang='lat' dir='ltr'><strong>dextras</strong></span> <span class='ocrx_word' id='word_1_334' title='bbox 945 3566 1098 3640; x_wconf 87' lang='lat' dir='ltr'><strong>fidemque,</strong></span> 
     </span>
     <span class='ocr_line' id='line_1_42' title="bbox 127 3643 1135 3734; baseline -0.013 -23"><span class='ocrx_word' id='word_1_335' title='bbox 127 3658 146 3686; x_wconf 89' lang='lat'><strong>“</strong></span> <span class='ocrx_word' id='word_1_336' title='bbox 158 3655 235 3711; x_wconf 91' lang='lat' dir='ltr'><strong>haud</strong></span> <span class='ocrx_word' id='word_1_337' title='bbox 249 3651 367 3728; x_wconf 75' lang='lat' dir='ltr'><strong>impune</strong></span> <span class='ocrx_word' id='word_1_338' title='bbox 389 3651 518 3709; x_wconf 91' lang='lat' dir='ltr'><strong>adultero</strong></span> <span class='ocrx_word' id='word_1_339' title='bbox 540 3651 608 3709; x_wconf 88' lang='lat' dir='ltr'><strong>sore.</strong></span> <span class='ocrx_word' id='word_1_340' title='bbox 651 3652 756 3708; x_wconf 91' lang='lat' dir='ltr'><strong>Sextus</strong></span> <span class='ocrx_word' id='word_1_341' title='bbox 770 3659 814 3706; x_wconf 91' lang='lat' dir='ltr'><strong>est</strong></span> <span class='ocrx_word' id='word_1_342' title='bbox 838 3645 1031 3734; x_wconf 83' lang='lat' dir='ltr'><strong>Tarquinius,</strong></span> <span class='ocrx_word' id='word_1_343' title='bbox 1040 3643 1098 3718; x_wconf 91' lang='lat' dir='ltr'><strong>qui,</strong></span> <span class='ocrx_word' id='word_1_344' title='bbox 1109 3667 1135 3706; x_wconf 78' lang='lat'><strong>40</strong></span> 
     </span>
     <span class='ocr_line' id='line_1_43' title="bbox 128 3721 1100 3809; baseline -0.013 -19"><span class='ocrx_word' id='word_1_345' title='bbox 128 3741 148 3770; x_wconf 78' lang='lat'><strong>‘⁴</strong></span> <span class='ocrx_word' id='word_1_346' title='bbox 158 3734 249 3792; x_wconf 88' lang='lat' dir='ltr'><strong>hostis</strong></span> <span class='ocrx_word' id='word_1_347' title='bbox 262 3753 314 3809; x_wconf 89' lang='lat' dir='ltr'><strong>pro</strong></span> <span class='ocrx_word' id='word_1_348' title='bbox 335 3731 456 3806; x_wconf 88' lang='lat' dir='ltr'><strong>hospite,</strong></span> <span class='ocrx_word' id='word_1_349' title='bbox 469 3731 563 3807; x_wconf 88' lang='lat' dir='ltr'><strong>priore</strong></span> <span class='ocrx_word' id='word_1_350' title='bbox 577 3741 663 3788; x_wconf 92' lang='lat' dir='ltr'><strong>nocte</strong></span> <span class='ocrx_word' id='word_1_351' title='bbox 677 3731 715 3798; x_wconf 89' lang='lat' dir='ltr'><strong>vi,</strong></span> <span class='ocrx_word' id='word_1_352' title='bbox 730 3739 868 3794; x_wconf 66' lang='lat' dir='ltr'><strong>armatus</strong></span> <span class='ocrx_word' id='word_1_353' title='bbox 878 3726 949 3786; x_wconf 89' lang='lat' dir='ltr'><strong>mihi</strong></span> <span class='ocrx_word' id='word_1_354' title='bbox 965 3721 1100 3798; x_wconf 80' lang='lat' dir='ltr'><strong>(sibique,</strong></span> 
     </span>
     <span class='ocr_line' id='line_1_44' title="bbox 128 3799 1102 3891; baseline -0.012 -22"><span class='ocrx_word' id='word_1_355' title='bbox 128 3821 148 3848; x_wconf 75' lang='lat'><strong>¹⁶</strong></span> <span class='ocrx_word' id='word_1_356' title='bbox 160 3813 184 3870; x_wconf 81' lang='lat' dir='ltr'><strong>si</strong></span> <span class='ocrx_word' id='word_1_357' title='bbox 199 3833 247 3872; x_wconf 88' lang='lat' dir='ltr'><strong>vos</strong></span> <span class='ocrx_word' id='word_1_358' title='bbox 261 3813 314 3871; x_wconf 89' lang='lat' dir='ltr'><strong>viri</strong></span> <span class='ocrx_word' id='word_1_359' title='bbox 327 3811 411 3891; x_wconf 86' lang='lat' dir='ltr'><strong>estis)</strong></span> <span class='ocrx_word' id='word_1_360' title='bbox 425 3811 593 3887; x_wconf 80' lang='lat' dir='ltr'><strong>pestiferum</strong></span> <span class='ocrx_word' id='word_1_361' title='bbox 607 3811 676 3869; x_wconf 93' lang='lat' dir='ltr'><strong>hinc</strong></span> <span class='ocrx_word' id='word_1_362' title='bbox 691 3807 807 3868; x_wconf 88' lang='lat' dir='ltr'><strong>abstulit</strong></span> <span class='ocrx_word' id='word_1_363' title='bbox 820 3800 986 3884; x_wconf 60' lang='lat' dir='ltr'><strong>gaudiumJ’</strong></span> <span class='ocrx_word' id='word_1_364' title='bbox 1022 3799 1102 3858; x_wconf 91' lang='lat' dir='ltr'><strong>Dant</strong></span> 
     </span>
    </p>
   </div>
   <div class='ocr_carea' id='block_1_8' title="bbox 0 0 1315 4314">
    <p class='ocr_par' dir='ltr' id='par_1_9' title="bbox 0 0 1315 4314">
     <span class='ocr_line' id='line_1_45' title="bbox 0 0 1315 4314; baseline 0 0"><span class='ocrx_word' id='word_1_365' title='bbox 0 0 1315 4314; x_wconf 95' lang='lat' dir='ltr'><strong> </strong></span> 
     </span>
    </p>
   </div>
  </div>
 </body>
</html>
