2556 4314
122 333 179 396 un
384 305 393 314 ”
522 329 594 385 τιτι
608 327 695 380 mvn

119 485 240 538 externa
262 475 305 532 vis
329 473 459 550 quaesita
473 483 559 548 esset,
584 473 755 548 nequirent:
777 470 858 528 hunc
881 473 1098 534 transeuntibus

119 554 211 631 Alpes
238 555 354 622 ducem,
387 562 591 627 auctoremque
623 550 756 609 Clusium
782 551 971 627 oppugnandi
997 552 1095 614 fuisse.

118 631 262 710 Equidem
286 632 363 690 haud
388 631 549 699 abnuerim,
572 631 705 688 Clusium
725 630 824 688 Gallos
847 631 884 687 ab
898 631 1023 705 Arunte,
1044 651 1097 692 seu

137 731 175 770 uo
198 709 256 772 alio
276 711 407 778 Clusino,
436 710 597 768 adductos:
629 711 680 766 sed
702 727 762 777 eos,
790 709 839 783 qui
865 712 1097 786 oppugnaverint

117 729 260 864 drusium,
282 809 344 848 non
368 789 467 858 fuisse,
482 788 530 864 qui
543 787 628 864 primi
650 787 740 864 Alpes
753 787 929 857 transierint,
944 789 1014 847 satis
1028 809 1097 850 con·
1118 805 1132 848 ⁵

1 885 2 896 ¹
73 901 79 911 ·
115 869 347 932 conducentis
370 867 475 945 quippe
498 868 581 925 annis
606 867 683 936 ante,
697 865 785 942 qudm
799 866 933 925 Clusium
947 887 1095 945 oppugna·

116 959 191 1018 rent,
205 950 363 1025 urbemque
378 948 506 1006 Romam
519 955 666 1022 caperent,
681 946 712 1002 in
726 945 840 1005 Italiam
854 946 932 1004 Galli
946 957 1094 1008 transcen·

115 1027 237 1092 derunt:
259 1044 316 1089 neo
336 1045 405 1085 curn
429 1026 474 1084 his
494 1023 619 1102 primirm
640 1025 840 1098 Etruscorum,
855 1026 906 1083 sed
920 1026 1012 1084 multd
1026 1027 1094 1086 ante

114 1126 183 1166 cum
197 1107 243 1176 iis,
267 1107 315 1182 qui
339 1105 415 1166 inter
428 1105 619 1182 Apenninum
642 1105 790 1180 Alpesque
811 1103 986 1178 incolebant,
1013 1125 1092 1182 saepe

113 1186 259 1244 exercitus
282 1180 389 1247 Galbd
412 1185 586 1261 pugnavere.
637 1183 814 1258 Tuscorum,
840 1194 907 1242 ante
923 1183 1091 1244 Romanum
1103 1201 1129 1242 10

113 1264 276 1340 imperium,
298 1263 355 1322 late
378 1264 457 1322 terra
480 1263 608 1337 marique
629 1281 699 1339 opes
718 1265 860 1339 patuere:
881 1263 953 1321 mari
978 1263 1091 1340 Supero

114 1341 278 1420 Inseroque,
303 1343 407 1418 quibus
431 1341 516 1401 Italia
549 1342 652 1400 insulae
676 1342 762 1401 modo
788 1341 925 1418 cingitur,
952 1344 1090 1417 quantrim

112 1423 267 1498 potuerint,
282 1423 402 1483 nomina
425 1431 492 1479 sunt
515 1431 706 1505 argumeut03
729 1420 805 1497 quod
820 1422 941 1480 alterum
956 1421 1089 1481 Tuscum

112 1503 261 1559 communi
284 1500 425 1559 vocabulo
445 1499 551 1576 gentis,
579 1499 702 1558 alterum
729 1501 914 1559 Adriaticum
938 1519 1028 1570 mare,
1052 1501 1089 1558 ab

112 1579 206 1638 Adria
219 1581 385 1638 Tuscorum
408 1578 533 1652 colonid,
552 1581 690 1637 vocavere
705 1578 815 1638 Italicae
838 1589 950 1658 gentes.
992 1580 1088 1639 Graeci
1100 1595 1126 1636 15

111 1659 214 1716 eadem
229 1659 414 1734 Tyrrhenum
435 1667 519 1732 atque
540 1657 724 1715 Adriaticum
739 1669 851 1716 vocant.
893 1658 920 1716 Ii
933 1659 965 1716 in
979 1669 1088 1721 utrum-

110 1755 166 1814 que
180 1757 259 1796 mare
273 1748 424 1818 vergentes
437 1735 584 1794 incoluere
597 1736 717 1794 urbibus
730 1737 872 1795 duodenis
885 1747 975 1795 terras
986 1757 995 1807 3
1008 1737 1088 1813 prius

110 1817 154 1876 cis
168 1818 358 1895 Apenninum
372 1809 408 1874 ad
422 1815 553 1873 Inferum
577 1834 666 1888 mare,
679 1826 781 1891 postea
792 1825 871 1874 trans
885 1815 1085 1891 Apenninum,

110 1896 240 1970 totidem,
262 1907 331 1972 quot
355 1895 451 1971 capita
473 1894 593 1972 originis
615 1906 707 1968 erant,
732 1895 852 1953 coloniis
875 1895 988 1965 missis3
1020 1913 1086 1968 quae

108 1985 189 2034 trans
210 1976 321 2033 Padum
342 1974 441 2033 omnia
460 1974 533 2046 loca,
555 1985 678 2050 excepto
699 1974 877 2032 Venetorum
901 1974 1017 2049 angulo,
1035 1974 1132 2048 quiae¹

108 2053 204 2113 sinum
219 2054 430 2112 circumcolunt
444 2053 540 2126 maris,
555 2073 645 2128 usque
660 2054 695 2110 ad
715 2053 806 2128 Alpes
819 2055 947 2109 tenuere.
970 2051 1087 2128 Alpinis

107 2151 220 2208 quoque
234 2152 270 2190 ea
282 2133 417 2208 gentibus
441 2132 518 2190 haud
540 2132 627 2190 dubie
647 2133 728 2209 origo
741 2142 794 2200 est,
808 2129 935 2190 maxime
949 2132 1084 2204 Rhaetis;

108 2231 178 2288 quos
191 2213 256 2270 loca
269 2213 332 2288 ipsa
344 2211 510 2280 efferatum,
536 2231 574 2269 ne
588 2212 657 2287 quid
671 2230 708 2269 ex
722 2211 848 2288 antiquo,
862 2220 965 2288 praeter
979 2231 1085 2271 sonum

107 2291 224 2370 linguae,
239 2310 295 2351 nec
309 2310 376 2349 eum
391 2290 600 2367 incorruptum,
615 2291 781 2350 retinerent.

145 2449 294 2509 XXXIV.
308 2439 361 2508 vDe
382 2449 504 2508 transitu
527 2448 558 2506 iu
583 2447 697 2508 Italiam
721 2448 870 2513 Gallorum
891 2448 954 2508 haec
969 2449 1120 2527 accepi-2⁵

105 2549 178 2590 mus.
212 2531 320 2589 -Prisco
342 2529 503 2605 Tarquinio
522 2530 627 2587 Romae
651 2538 802 2605 regnante,
828 2528 978 2587 Celtarum
1004 2528 1082 2610 (quae

104 2630 170 2686 pars
182 2611 285 2675 Gallia
309 2610 393 2668 tertia
417 2610 474 2690 est)
488 2627 579 2686 penes
593 2608 739 2684 Bituriges
753 2626 866 2666 summa
880 2608 993 2684 imperii
1007 2608 1080 2666 fuit:

104 2689 125 2748 ii
139 2711 237 2768 regem
251 2690 364 2748 Celtico
377 2689 493 2746 dabant.
535 2688 710 2764 Ambigatus
724 2687 749 2744 is
763 2687 827 2760 fuit,
836 2687 939 2745 virtute
954 2687 1082 2745 fortuni-

102 2787 158 2844 que
172 2789 260 2844 quum
283 2769 346 2837 sud,
359 2779 422 2826 tum
435 2767 563 2845 publicai,
584 2767 764 2844 prepollens,
786 2766 864 2842 qudd
879 2766 998 2842 imperio
1016 2767 1081 2842 ejus

103 2847 198 2905 Gallia
212 2845 285 2904 aded
310 2847 424 2923 frugum
449 2847 656 2922 hominumque
681 2846 782 2904 fertilis
796 2846 859 2914 fuit,
881 2856 912 2902 ut
926 2846 1080 2905 abundans
1091 2854 1118 2896 ³⁰

103 2925 256 2984 multitudo
277 2925 324 2982 vix
347 2925 409 3000 regi
430 2926 573 2984 videretur
596 2945 689 3002 posse.
731 2925 792 2984 Hic
812 2943 919 3002 magno
931 2935 1001 2982 natu
1015 2924 1079 3000 ipse

98 3007 169 3083 jam,
184 3023 339 3062 exonerare
353 3016 548 3080 praegravante
562 3006 647 3063 turbat
660 3024 783 3082 regnum
803 3005 935 3081 cupiens,
950 3002 1079 3062 Bellove-

102 3102 166 3142 sum
190 3101 225 3140 ac
245 3084 426 3158 Sigovesum,
450 3085 554 3142 sororis
577 3084 660 3153 filice,
676 3085 813 3161 impigros
831 3085 963 3161 juvenes,
977 3082 1079 3157 missu-

101 3181 166 3221 rum
180 3180 211 3219 se
225 3181 298 3230 esse,
313 3162 343 3219 in
368 3181 439 3237 quas
462 3162 512 3221 Dii
526 3163 674 3222 dedissent
693 3163 821 3240 auguriis
834 3163 931 3235 sedes,
941 3161 1077 3220 ostendit.

99 3241 254 3306 Quantum
268 3241 321 3317 ipsi
345 3242 452 3300 vellent
472 3260 625 3300 numerum
640 3241 954 3327 hominumffixcirgpt,
969 3259 1007 3297 ne
1020 3251 1114 3316 quase

100 3339 173 3401 gens
198 3339 296 3378 arcere
321 3321 507 3379 advenientes
533 3333 637 3396 posset.
689 3323 769 3380 Tum
792 3313 930 3397 Sigo'v'eso
954 3319 1079 3378 sortibus

101 3401 161 3461 dati
174 3400 317 3476 Hercynii
340 3401 446 3458 saltus:
467 3399 617 3459 Belloveso
631 3401 709 3458 haud
722 3399 808 3477 pauld
822 3399 960 3458 latiorem
974 3399 1005 3454 in
1019 3397 1078 3456 Ita·
1126 3450 1128 3455 .

100 3482 170 3540 liam
183 3481 258 3540 viam
272 3479 323 3537 Dii
336 3478 452 3536 dabant.
494 3477 535 3551 Is,
555 3479 632 3554 qued
646 3480 709 3556 ejus
722 3499 759 3537 ex
771 3479 885 3556 populis
899 3476 1075 3544 abundabat,

99 3560 256 3638 Bituriges,
270 3559 427 3626 Arvernos,
442 3557 585 3626 Senones,
600 3557 723 3632 AEduoS,
737 3559 906 3630 Ambarros,
921 3555 1075 3628 Carnutes,

101 3639 253 3708 Aulercos,
278 3637 392 3697 excivit.
433 3636 585 3695 Profectus
608 3637 775 3714 ingentibus
789 3636 920 3712 peditum
934 3634 1113 3709 equitum-se

100 3731 157 3792 que
169 3719 269 3795 copiis,
284 3717 315 3778 iu
328 3715 510 3775 Tricastinos
524 3715 610 3774 venit.
633 3717 724 3792 Alpes
738 3715 807 3773 inde
820 3714 958 3790 oppositae
973 3721 1074 3782 eraut3

100 3809 172 3868 quas
185 3795 430 3874 inexsuperabiles
450 3794 525 3852 visas
546 3794 623 3852 haud
646 3794 781 3870 equidem
794 3793 893 3862 miror,
909 3791 990 3851 nulli
1003 3789 1075 3850 dum
