2556 4314
545 307 656 362 murt
671 309 706 364 11.
723 321 787 374 ω,
805 323 831 358 v.
972 277 997 362 ⁸,
1139 309 1177 368 61

169 515 171 518 ,
201 453 308 530 pignus
315 450 386 512 fidei
395 460 505 525 esseut,
512 450 700 512 manifestum
713 451 827 512 facinus
838 450 983 510 fecerunt:
997 469 1065 512 nam
1077 467 1178 528 quum,

201 531 295 608 pridie
309 530 397 606 quam
409 529 549 607 legatiad
572 529 749 605 Tarquinios
761 529 1063 605 proficiscerentur,·et
1080 548 1179 590 coeua-
1214 563 1217 568 ·

201 619 266 668 tum
271 609 354 670 torte
367 609 445 686 apud
468 607 601 668 Vitellios
618 618 710 681 esset,
724 608 923 684 conjuratique
945 609 997 682 ibi,
1009 609 1124 668 remotis
1137 627 1180 668 ar·

203 687 298 762 bitris,
312 687 403 758 multa
414 688 490 748 inter
510 705 543 754 se
563 687 601 746 de
613 705 690 746 novo
703 685 749 763 (ut
761 685 808 765 tit)
823 686 944 748 oonsilio
957 687 1103 764 egissem
1123 706 1181 745 ser·

180 778 324 828 amonem
337 785 438 829 eornm
448 783 486 826 ex
498 765 587 826 servis
601 784 678 824 unus
691 765 816 842 excepit,
829 765 879 840 qui
899 766 961 842 jem
977 775 1063 823 antea
1076 765 1105 822 id
1119 784 1184 824 sen·

170 877 173 882 ¹
207 857 285 908 serat
298 846 365 924 egit
386 846 438 906 sed
459 863 524 904 eam
549 843 746 917 occasionem,
766 854 799 902 ut
811 843 904 904 literae
917 843 1022 921 legatis
1035 843 1182 918 darentur,

205 943 270 1002 quae
283 926 471 1002 deprebense
493 942 555 984 rem
569 941 727 1001 coarguere
740 933 869 1000 possent,
883 922 1087 1000 exspectabat:
1108 933 1184 1000 post-

203 1021 291 1080 quam
305 1005 387 1064 datas
399 1003 499 1074 sensit,
514 1021 576 1064 rem
599 1004 637 1064 ed
651 1003 796 1064 consules
817 1002 932 1062 detulit
974 1001 1129 1072 Consules,
1147 1003 1185 1060 ad

203 1083 463 1160 deprehendendos
481 1083 594 1162 legatos
615 1082 835 1161 conjuratosque
859 1081 983 1160 profecti
1007 1082 1104 1156 domo,
1119 1081 1183 1140 sine

172 1177 195 1218 ro
202 1161 327 1221 tumultu
339 1181 401 1221 rem
414 1182 531 1222 omnem
544 1165 728 1241 oppressere:
748 1162 897 1226 literarum
920 1159 1061 1237 imprimis
1081 1160 1182 1218 habita

124 1239 126 1243 ’
204 1258 284 1309 cura,
305 1259 344 1299 ne
365 1241 582 1300 interciderent.
632 1241 831 1301 Proditoribus
850 1239 997 1316 extemplo
1019 1240 1051 1298 in
1064 1238 1184 1297 vincula

204 1319 355 1396 conjectis,
368 1318 406 1378 de
426 1320 529 1396 legatis
553 1319 704 1396 paululum
728 1319 930 1378 addubitatum
953 1327 1019 1388 est;
1040 1327 1070 1376 et
1087 1334 1186 1394 quam·

204 1416 292 1474 quem
300 1399 354 1456 visi
368 1409 437 1456 sunt
449 1397 641 1467 commisisse,
654 1408 686 1459 ut
697 1399 822 1458 hostium
832 1397 898 1458 loco
908 1407 1016 1466 essent,
1024 1397 1073 1476 jus
1086 1406 1185 1456 tamen

204 1476 449 1554 gentiumraluit·
484 1465 547 1576 ὃ(
814 1495 826 1500 ·

99 1616 145 1702 ,is
173 1647 201 1686 rs
242 1632 286 1692 ·V.
307 1631 356 1690 De
368 1629 453 1690 bonis
472 1631 571 1707 regiis,
584 1649 648 1706 que
671 1631 755 1692 reddi
775 1629 842 1689 ante
857 1641 1041 1705 censuerant,
1053 1649 1100 1692 res
1113 1632 1185 1694 inte-

206 1729 262 1788 gra
275 1709 399 1768 refertur
412 1709 449 1768 ed
470 1708 589 1768 Patres:
610 1709 651 1767 illi
675 1709 747 1766 victi
768 1709 812 1766 iri
835 1711 950 1768 vetuere
964 1710 1057 1780 reddi,
1071 1713 1186 1772 vetuere

206 1789 238 1848 in
251 1787 404 1865 publicum
425 1786 528 1864 redigi.
569 1787 741 1865 Diripieuda
763 1787 840 1864 plebi
864 1799 932 1846 sunt
955 1789 1043 1860 data;
1063 1799 1105 1858 ut,
1119 1808 1186 1850 con·

161 1877 163 1880 ’
206 1877 286 1926 tacta
298 1866 381 1944 regii
393 1867 503 1943 predi,
516 1867 642 1944 spemin
654 1877 908 1943 perpetuumcum
921 1868 967 1926 his
980 1868 1061 1944 pacis
1073 1869 1185 1928 amitte-

208 1956 261 2004 ret
303 1946 386 2022 Ager
398 1945 634 2021 Tarquiniorum,
647 1946 697 2022 qui
718 1945 794 2004 inter
806 1946 907 2004 urbem
921 1965 957 2006 ac
971 1947 1104 2006 Tiberim
1119 1948 1182 2017 suit,

167 2049 198 2090 no
209 2031 397 2086 consecratus
410 2023 508 2093 Marti,
530 2023 654 2084 Martius
667 2024 774 2083 deinde
795 2025 923 2102 Campus
937 2027 999 2086 suit.
1040 2025 1127 2086 Forte
1141 2027 1183 2086 ibi

207 2114 271 2163 tum
285 2101 463 2180 segestanus
486 2103 592 2165 dicitur
612 2103 701 2162 fuisse
714 2113 827 2164 matura
849 2105 957 2164 messit
978 2124 1065 2182 quem
1084 2106 1181 2182 campi

208 2181 336 2265 fructum
362 2181 430 2258 quia
454 2181 620 2263 religiosum
646 2192 709 2243 erat
734 2201 916 2252 consumere,
943 2185 1092 2244 desectam
1113 2201 1183 2242 cum

209 2253 365 2346 mulmento
389 2261 517 2338 segetem
537 2262 699 2338 magnavis
713 2262 863 2322 hominum
877 2263 962 2322 simul
976 2263 1107 2332 immissa
1120 2269 1182 2324 cot·
1220 2305 1226 2310 -

202 2339 294 2424 bibus
320 2338 420 2398 fudere
444 2339 475 2398 in
496 2338 640 2409 Tiberim,
663 2341 745 2400 tenui
765 2341 909 2415 fluentem
932 2341 1018 2416 aqui,
1032 2353 1064 2402 ut
1077 2341 1182 2400 mediis

172 2417 352 2484 meiloribus
375 2419 469 2478 solet:
495 2418 537 2477 ita
559 2419 591 2484 in
613 2419 694 2478 vedis
717 2419 881 2484 hesitantis¹
900 2419 1037 2478 frumenti
1064 2438 1182 2480 acervos

208 2497 317 2558 sedisse
337 2496 425 2558 illitos
447 2497 536 2556 limo:
557 2496 682 2556 insulam
703 2497 771 2554 inde
793 2497 943 2574 paulatim,
964 2508 994 2554 et
1017 2497 1090 2571 aliis,
1117 2513 1182 2572 qua

209 2575 385 2636 serttemers
400 2575 521 2643 flumen,
546 2573 649 2633 eodem
674 2575 806 2648 inuectis,
830 2575 955 2632 factam:
975 2583 1075 2649 postea
1097 2577 1185 2636 credo

208 2655 320 2714 additas
343 2655 445 2728 moles,
459 2671 605 2730 manuque
627 2652 768 2730 adjutum,
778 2663 814 2711 ut
826 2663 886 2710 tam
899 2651 1033 2712 eminens
1046 2671 1123 2723 ares,
1136 2653 1182 2714 fir·

208 2752 311 2809 nmque
325 2731 440 2811 templis
463 2751 575 2810 quoque
600 2751 635 2792 ac
647 2731 806 2808 porticibus
818 2730 995 2798 sustinendis
1007 2741 1092 2792 esset.
1132 2732 1184 2796 Di·

172 2835 198 2876 ao
209 2814 296 2890 reptis
309 2813 394 2872 bonis
405 2811 662 2890 regum,·damnati
679 2811 847 2888 proditores,
861 2822 1063 2888 sumptumque
1076 2814 1182 2892 suppli·

207 2892 299 2964 cium,
323 2893 507 2967 conspectius
535 2889 580 2961 eo,
601 2890 678 2968 qudd
701 2909 795 2968 pcenae
817 2890 970 2968 capienda
989 2891 1182 2964 ministerium

209 2971 285 3050 patri
298 2971 335 3029 de
347 2969 444 3028 liberis
465 2971 631 3030 consulatus
652 2971 805 3048 imposuit3
827 2981 866 3039 et,
891 2971 939 3047 qui
963 2982 1106 3048 spectator
1120 2983 1182 3033 erat

210 3048 398 3118 amovendus,
412 3067 479 3108 eum
500 3050 595 3127 ipsum
616 3051 730 3110 fortuna
751 3060 914 3110 exactorem
938 3051 1071 3128 supplicii
1093 3051 1180 3112 dedit.

211 3127 335 3188 Stabant
347 3127 464 3207 deligati
489 3129 525 3188 ed
545 3129 644 3206 palum
657 3129 828 3188 nobilissimi
839 3129 960 3206 juvenes
972 3150 979 3186 ε
1000 3131 1052 3191 sed
1065 3149 1084 3190 a
1096 3142 1181 3192 cete-

171 3230 199 3272 :s
209 3207 259 3276 ris,
274 3207 351 3266 velut
365 3208 402 3268 ab
426 3209 535 3286 ignotis
558 3208 711 3285 capitibus,
726 3209 854 3268 consulis
866 3208 950 3268 liberi
962 3210 1092 3282 omnium
1105 3211 1137 3271 iu
1150 3229 1182 3270 se

184 3357 187 3360 ῃ
208 3296 371 3347 averterant
383 3287 503 3357 oeulosr
525 3286 734 3362 miserebatque
747 3307 806 3348 non
827 3306 920 3364 poenae
934 3289 1025 3367 magis
1039 3289 1181 3363 homiues,

208 3363 297 3441 qudm
321 3365 449 3434 sceleris,
472 3384 529 3441 quo
542 3385 657 3442 posnam
678 3366 773 3425 meriti
797 3377 912 3437 essent3
933 3367 1007 3438 illos,
1021 3386 1057 3430 eo
1069 3367 1182 3444 potissi·

209 3444 291 3502 mrim
305 3447 382 3502 anno
400 3442 524 3520 patriam
546 3443 706 3513 liberatam,
720 3456 831 3521 petrem
844 3445 1036 3520 liberatorem,
1050 3441 1181 3504 consula·

208 3533 274 3582 turn
286 3532 382 3580 ortum
405 3541 442 3580 ex
455 3523 540 3584 domo
562 3524 662 3592 lunii,
687 3523 797 3592 Patres,
817 3525 941 3600 plebem,
955 3520 1093 3604 quidquid
1107 3517 1182 3576 Deo·

171 3631 199 3671 40
208 3619 275 3663 rum
289 3601 502 3678 bominumque
522 3602 723 3664 Romanorum
736 3612 823 3676 esset,
836 3603 984 3663 induxisse
997 3603 1029 3666 in
1043 3608 1182 3665 ammam,

208 3691 242 3739 ut
263 3680 388 3758 superbo
408 3681 552 3758 quondam
578 3683 653 3759 regi,
678 3692 741 3742 tum
763 3680 868 3740 infesto
891 3679 993 3742 exsuli,
1020 3668 1180 3759 proderent.

209 3758 353 3834 Consules
374 3760 405 3821 in
429 3761 529 3821 sedem
542 3761 718 3839 'processere
742 3776 835 3825 snam,
856 3755 993 3824 missique
1016 3748 1131 3806 ¹¹⁰l⁰¹⁰⁵
1144 3747 1183 3807 Μ’
