2556 4314
162 315 202 376 ⁷2
437 273 440 279 ¹
562 311 633 364 mn
649 301 736 363 nirn

162 470 251 536 quum
274 455 432 526 demissos,
459 455 610 532 quisquam
628 454 857 532 obtemperabat.
908 453 948 512 Vi
974 455 1137 532 agebatur3

162 549 311 614 mumque
324 536 418 596 omnis
431 545 461 594 et
482 535 645 612 periculum
665 533 814 606 libertatis,
828 551 917 609 quum
931 532 962 590 in
976 545 1137 612 conspectu

162 617 289 678 consulis
303 615 409 693 singuli
423 634 440 673 a
453 614 583 691 pluribus
605 613 789 686 violarentur,
803 613 833 670 in
854 611 1011 671 creditores
1024 632 1043 672 a
1055 615 1138 674 debi-

162 697 271 757 toribus
293 705 446 754 verterant.
489 695 582 770 Super
601 695 665 754 haec
688 693 773 752 timor
797 691 917 751 incessit
930 691 1033 750 Sabini
1046 693 1135 765 belli;

161 776 334 852 delectuque
358 773 485 842 decreto,
507 791 593 832 nemo
613 791 721 832 nomen
745 771 835 846 dedit,
857 771 970 830 furente
984 772 1091 850 Appio,
1105 784 1136 832 et
1156 781 1170 822 ⁵

161 857 322 914 insectante
346 853 532 912 ambitionem
556 853 695 930 collegae3
716 851 765 928 qui
788 850 919 928 populari
932 850 1047 911 silentio
1061 871 1136 912 rem·

161 934 307 1011 publicam
330 933 473 1009 proderet,
486 941 516 990 et
538 930 576 990 ad
597 931 638 1006 id,
651 931 727 1006 qubd
749 929 921 989 recredita
941 931 1066 1006 pecunia
1086 932 1136 1008 jus

162 1029 220 1072 non
234 1011 361 1080 dixisset,
384 1011 532 1088 adjiceret,
546 1021 578 1069 ut
601 1029 641 1070 ne
657 1009 804 1068 delectum
825 1010 943 1085 quidem
957 1028 994 1067 ex
1007 1012 1136 1068 senatus-

161 1093 292 1152 consulto
306 1091 443 1148 haberet:
466 1099 556 1148 “non
577 1107 641 1150 esse
659 1100 757 1149 tamen
771 1090 914 1161 desertam
928 1088 1047 1155 omnino
1059 1107 1136 1148 rem·

79 1185 80 1188 ’
162 1175 181 1203 “
191 1171 348 1247 publicam,
382 1187 477 1244 nequo
511 1168 672 1246 projectum
698 1167 849 1228 consulare
876 1168 1039 1244 imperium.
1094 1169 1169 1228 Se¹⁰

128 1244 135 1254 '
161 1253 180 1281 “
191 1267 282 1307 unum
295 1258 325 1306 ot
338 1267 397 1307 suas
411 1258 441 1306 et
453 1245 571 1306 Patrum
585 1248 741 1325 majestatis
754 1247 901 1308 vindicem
914 1247 1003 1306 fore.'’
1030 1244 1136 1310 Quum

161 1327 361 1388 circumstaret
385 1326 552 1402 quotidiana
576 1327 730 1386 multitudo
753 1326 872 1388 licentii
895 1344 1030 1398 accensa,
1046 1326 1135 1402 arripi

160 1425 251 1464 unum
278 1405 422 1482 insignem
448 1406 554 1463 ducem
580 1405 756 1464 seditionum
780 1405 874 1482 jussit.
915 1405 980 1472 Ille,
1007 1423 1096 1480 quum
1116 1407 1150 1462 a

160 1484 308 1544 lictoribus
328 1484 389 1560 jam
412 1484 582 1556 traheretur,
606 1483 788 1560 provocavit:
811 1502 867 1540 nec
888 1483 1022 1542 cessisset
1034 1501 1135 1558 provo·
1178 1543 1181 1554 ,

159 1561 267 1621 cationi
280 1561 393 1634 consul,
407 1561 476 1635 quia
499 1575 558 1620 non
580 1560 701 1619 dubium
725 1571 788 1618 erat
800 1560 899 1636 populi
908 1561 1062 1638 judicium,
1076 1561 1134 1618 nisi
1144 1571 1168 1612 1⁵

159 1640 236 1718 aegrb
264 1640 342 1700 victa
366 1639 527 1716 pertinacia
553 1638 636 1712 foret,
658 1639 780 1698 consilio
804 1639 897 1716 magis
920 1639 1140 1698 etauctoritate'

104 1717 106 1720 ’
159 1719 333 1796 principum,
347 1716 433 1794 quim
447 1717 544 1793 populi
559 1717 684 1776 clamore
694 1737 710 1775 ε·
723 1716 798 1774 adeo
812 1727 981 1793 supererant
994 1717 1083 1775 animi
1097 1717 1135 1775 ad

159 1797 358 1856 sustinendam
382 1795 529 1855 invidiam.
570 1796 712 1854 Crescere
737 1795 807 1854 inde
821 1796 928 1853 malum
942 1796 972 1853 in
987 1795 1059 1864 dies,
1074 1815 1135 1855 non

159 1875 333 1935 clamoribus
346 1873 431 1934 modb
446 1875 560 1950 apertis,
581 1875 642 1948 sed,
656 1874 733 1950 quod
753 1872 844 1931 multd
857 1873 1047 1949 perniciosius
1061 1885 1135 1948 erat,

159 1955 323 2012 secessione
335 1953 514 2026 occultisque
528 1953 684 2029 colloquiis.
726 1953 861 2010 Tandem
875 1951 959 2020 invisi
972 1952 1050 2028 plebi
1064 1971 1134 2012 con·
1143 1963 1169 2004 2⁰
1266 1985 1267 2026 ι

159 2033 236 2089 soles
249 2033 418 2108 magistratu
442 2030 559 2099 abeunt,
584 2032 723 2092 Servilius
736 2032 855 2103 neutris,
870 2031 984 2108 Appius
997 2030 1133 2090 Patribus

160 2109 231 2168 mire
245 2120 353 2188 gratus.
399 2123 415 2190 ,¹
1085 2137 1087 2144 ·
1122 2153 1132 2160 „

11 2285 12 2296 ι
114 2255 138 2342 t
192 2265 341 2326 xxvrrr.
364 2266 678 2343 A.Virginiuindeet
691 2267 879 2328 cretaeus
892 2268 1073 2326 consulatum
1088 2263 1169 2326 ιιι-’.Ξ

158 2353 237 2404 eunt.
267 2345 347 2402 Tum
361 2343 427 2403 verb
439 2345 547 2421 plebes,
558 2346 671 2405 incerta
683 2345 782 2423 quales
796 2347 929 2404 habitura
942 2345 1075 2405 consules
1088 2363 1133 2402 es·
1148 2342 1162 2386 ·⁰
1266 2395 1267 2408 ,

158 2435 211 2492 set,
223 2434 315 2482 coetus
325 2435 491 2494 nocturnos,
502 2445 567 2502 pars
578 2425 725 2501 Esquiliis,
735 2443 802 2503 pars
810 2426 841 2483 in
849 2425 1006 2494 Aventino,
1019 2425 1131 2493 facere3
1147 2403 1168 2491 ἕ
1266 2421 1267 2430 ’

157 2521 194 2560 ne
205 2503 236 2568 in
244 2502 305 2562 foro
318 2502 420 2562 subitis
433 2505 588 2580 trepidaret
599 2504 736 2577 consiliis,
751 2514 781 2562 et
794 2505 893 2563 omnia
901 2503 1011 2562 temere
1025 2522 1061 2562 ac
1076 2501 1132 2578 for·
1146 2543 1162 2572 ,.

156 2581 229 2640 tuito
240 2593 346 2660 ageret.
381 2582 455 2640 Eam
465 2602 527 2642 rem
537 2583 744 2651 consulesrati,
755 2593 868 2652 uteret,
882 2583 1085 2659 perniciosam,
1093 2582 1131 2638 ad
1148 2576 1162 2642 {0

155 2659 256 2720 Patres
270 2661 422 2719 deferuntt
443 2663 495 2722 sed
518 2662 643 2720 delatam
666 2661 819 2742 consulere
829 2662 941 2732 =ordine
954 2681 1013 2722 non
1027 2661 1130 2719 licuit:
1147 2653 1167 2740 ξ

156 2739 228 2797 adab
242 2738 416 2798 tumultuose
431 2752 553 2816 excepta
564 2751 609 2799 est
622 2741 796 2800 clamoribus
814 2739 941 2814 undique
955 2751 984 2799 et
998 2739 1132 2816 indigna·
1141 2745 1167 2763 *⁴

153 2817 234 2876 tione
249 2818 376 2891 Petrum,
387 2819 422 2886 si,
434 2818 510 2894 qnod
523 2819 644 2896 imperio
656 2819 802 2886 consulari
815 2819 1031 2895 exsequendum
1044 2828 1131 2890 esset,
1141 2837 1169 2878 so

155 2895 294 2953 invidiam
307 2897 370 2972 ejus
384 2897 518 2955 consules
545 2899 581 2956 ad
605 2909 738 2957 senatum
759 2898 921 2976 rejicerent.
963 2901 982 2930 ‘⁴
994 2895 1130 2956 Profectb

156 2973 212 3032 “si
226 2985 323 3032 essent
344 2974 373 3032 in
387 2975 538 3050 republici
557 2978 750 3054 magistratus,
773 2977 884 3035 nullum
898 2976 1027 3034 futurum
1041 2975 1130 3034 foisse

156 3055 175 3085 “
186 3051 301 3126 Romae,
315 3052 371 3112 nisi
394 3053 553 3129 publicum,
578 3056 744 3117 concilium.
785 3055 877 3114 Nunc
898 3055 928 3112 in
942 3055 1021 3112 mille
1035 3055 1131 3132 curias

156 3135 174 3163 “
186 3131 399 3206 contionesque
407 3129 508 3208 (quum
520 3134 576 3192 alia
589 3135 619 3193 in
634 3134 781 3211 Esquiliis,
792 3135 849 3192 alia
857 3134 888 3191 in
899 3134 1047 3193 Aventino
1060 3133 1132 3191 fiant

87 3262 91 3268 ,
154 3213 173 3243 “
185 3210 487 3291 concilia)dispersam
496 3223 525 3270 et
535 3213 703 3289 dissipatam
710 3232 773 3272 esse
782 3213 999 3289 rempublicam.
1020 3212 1130 3284 Unum,
1141 3233 1168 3274 35

155 3294 174 3323 “
186 3289 324 3364 Hercule,
332 3290 431 3364 ¹virum
442 3289 485 3367 (id
499 3290 578 3349 enim
591 3291 655 3368 plus
665 3311 739 3365 esse,
753 3290 840 3368 quam
852 3292 1027 3371 consulem),
1037 3290 1132 3366 qualis
1196 3287 1198 3297 '

155 3379 173 3408 “
186 3369 242 3446 Ap.
258 3368 398 3428 Claudius
419 3369 514 3439 suerit,
533 3379 679 3430 momento
699 3371 835 3446 temporis
854 3371 1052 3430 discussurum
1064 3370 1130 3431 illos

154 3459 173 3489 ⁸⁴
188 3457 280 3507 coetus
292 3448 408 3506 suisse.'’
430 3447 561 3526 Correpti
571 3449 704 3507 consuler
718 3468 817 3524 quum,
829 3450 899 3526 quid
909 3469 979 3528 ergo
990 3469 1021 3509 se
1033 3449 1130 3508 facere

152 3526 258 3588 vellent
273 3526 359 3606 (nihil
372 3527 451 3585 enim
462 3529 579 3606 segnius
589 3526 748 3602 molliusve,
759 3529 845 3606 quim
859 3528 993 3588 Patribus
1006 3529 1131 3606 placeat,

96 3619 99 3624 '
153 3607 292 3687 acturos),
318 3615 565 3684 percontarentur,
592 3607 764 3684 decernunt,
798 3618 831 3666 ut
864 3608 1010 3667 delectum
1042 3607 1168 3683 quamdo

33 3691 35 3694 ’
113 3735 116 3739 .
153 3687 325 3748 acerrimum
349 3677 490 3743 habeant:
511 3686 570 3744 otio
593 3685 725 3750 lascivire
738 3687 862 3763 plebem.
903 3687 1032 3750 Dimisso
1045 3701 1130 3745 sena·

153 3776 195 3840 tu,
208 3765 342 3827 consules
355 3763 386 3823 in
399 3763 525 3823 tribunal
539 3764 740 3825 adscendunt:
762 3766 854 3826 citant
867 3765 1039 3826 nominatim
1050 3763 1130 3844 juni·
