2556 4314
526 304 634 356 LIBER
651 305 685 355 11.
703 319 766 356 cnr.
783 320 878 356 mxx.
1148 309 1189 368 '77

209 448 318 505 dumne
333 445 431 519 suerit,
444 444 532 521 quim
555 445 684 523 potuisse
700 447 820 506 arbitror
833 447 906 522 lieri,
919 458 961 517 ut,
975 449 1190 510 conditionibus

208 523 328 584 laxandi
353 545 509 600 munnam,
523 534 553 583 et
566 526 752 584 tribunicium
772 537 952 603 potestatem,
965 531 1102 606 etomnis
1114 530 1186 591 invi.

84 627 88 636 ·
209 607 247 664 tis
259 607 328 683 jura
341 605 475 682 imposita
487 605 587 688 Patres
601 607 751 664 demerent
764 607 828 665 sibi.
1024 618 1031 626 ’

117 807 121 816 .
218 827 220 831 ,
253 763 385 822 XXXV.
406 763 444 822 Et
457 764 580 824 senatui·
593 763 681 822 nimis
694 774 775 824 atrox
788 765 849 824 visa
862 765 1007 824 sententia
1019 777 1073 835 est,
1087 777 1118 826 et
1130 768 1188 844 ple·

189 844 281 902 sbem
295 844 338 902 iri
350 844 437 920 prope
450 843 576 902 armarit.
620 848 640 876 “
653 843 755 916 Fame·¹
765 863 797 902 se
815 845 887 922 jaru,
900 845 977 903 sicut
990 847 1096 920 hostes,
1109 847 1169 926 peti
1180 867 1188 918 ;

214 932 233 961 “
245 924 311 980 cibo
325 923 457 998 victuque
472 922 614 992 fraudari3
634 924 819 1000 peregrinum
828 935 833 944 ·
843 924 1034 1000 frumentum,
1045 944 1109 1000 quae
1127 925 1190 985 sola

144 997 148 1010 ’
211 1003 379 1060 “alimenta
392 1022 429 1059 err
442 1003 586 1079 insperato
610 1001 724 1061 fortuna
742 1003 864 1072 dederit,
879 1004 917 1061 ab
930 1021 979 1062 ore
993 1005 1066 1080 rapi,
1080 1003 1138 1064 nisi
1152 1005 1187 1064 0.

210 1079 351 1161 “Marcio
372 1082 472 1140 vincti
487 1083 629 1140 dedantur
650 1082 768 1156 tribuni,
790 1078 846 1140 nisi
867 1084 905 1140 de
918 1092 1000 1160 tergo
1018 1083 1113 1161 plebis
1126 1073 1188 1144 Ro·

209 1164 228 1192 “
239 1179 333 1218 mane
346 1161 476 1220 satisfiat.
511 1161 588 1233 Eum
603 1161 658 1220 sibi
672 1162 841 1222 carnificem
854 1181 961 1220 novum
981 1173 1123 1238 exertum,
1137 1163 1188 1240 qui

177 1251 199 1292 10
210 1248 230 1278 “
241 1250 291 1299 aut
304 1241 385 1298 mori·
400 1251 451 1298 aut
472 1241 577 1300 servire
595 1241 726 1319 jubeat.’'
768 1242 805 1305 In
828 1251 986 1300 exeuntem
1007 1261 1024 1300 e
1038 1243 1120 1301 curib
1133 1242 1187 1300 im·

208 1331 291 1394 petus
304 1320 398 1378 factus
425 1331 512 1389 esset,
535 1321 566 1379 ni
589 1340 677 1398 perop
715 1320 798 1382 rtune
820 1317 929 1380 tribuni
943 1321 1022 1382 diem
1032 1321 1186 1388 dixissent.

130 1435 133 1440 -
209 1397 255 1456 Ibi
269 1399 311 1456 ira
324 1409 369 1457 est
382 1419 556 1477 suppressa:
578 1419 609 1458 se
631 1402 663 1477 ju
684 1419 760 1459 roem
783 1401 915 1478 quisquo,
935 1419 968 1462 se
983 1399 1133 1460 dominum
1148 1397 1189 1459 vi·

209 1487 246 1535 tae
254 1479 393 1554 necisque
405 1479 519 1537 inimici
529 1479 638 1535 facturn
649 1479 773 1536 videbat
814 1517 943 1540 .....
964 1478 1031 1555 Ipse
1042 1497 1131 1556 quum
1139 1477 1189 1538 die

210 1557 290 1615 diere
312 1577 373 1614 non
397 1559 522 1628 adesset,
539 1565 758 1630 'perseveratum
771 1556 802 1613 in
816 1557 858 1613 iri
871 1567 924 1614 est.
959 1557 1128 1617 Damnatus
1141 1558 1190 1615 ab·
1260 1627 1261 1630 Ἰ

174 1647 201 1688 15
212 1653 282 1698 sens
295 1635 327 1692 in
340 1635 464 1692 Volscos
485 1634 649 1692 exsulatum
672 1634 753 1701 abiit,
778 1633 916 1692 minitans
936 1636 1046 1709 patriae,
1060 1635 1190 1695 hostiles·

209 1733 269 1790 que
279 1714 341 1790 jam
365 1723 429 1771 tum
452 1713 568 1789 spiritus
591 1728 704 1789 gerens.
744 1711 920 1770 Venientem
944 1712 1044 1772 Volsci
1063 1713 1190 1792 benigne

16 1775 29 1794 '¹
114 1863 116 1868 Ι
210 1795 369 1868 excepere,
392 1791 603 1869 benignidsque
627 1792 658 1849 in
681 1791 747 1854 dies
765 1791 909 1863 colebant,
924 1791 981 1866 qud
999 1792 1090 1884 major
1103 1793 1146 1851 ira
1159 1794 1189 1852 in

131 1911 139 1918 -
209 1891 276 1930 suos
290 1870 447 1948 eminebat,
474 1872 639 1946 crebraeque
655 1871 742 1930 'nunc
755 1871 889 1946 querele,
904 1890 984 1928 nunc
997 1891 1084 1930 rnmae
1096 1873 1191 1950 perci·

209 1950 370 2026 piebantur.
412 1949 546 2026 Hospitio
569 1950 703 2008 utebatur
727 1949 801 2008 Attii
826 1950 915 2009 Tulli.
956 1950 1057 2028 Longe
1081 1950 1107 2009 is
1126 1961 1188 2012 tum

142 2079 146 2086 .
170 2041 199 2083 ao
209 2030 345 2106 princeps
358 2030 457 2088 Volsci
471 2030 596 2088 nominis
610 2040 681 2098 erat,
696 2027 896 2106 Romanisque
917 2048 1030 2108 semper
1044 2030 1167 2090 infestus
1179 2051 1187 2088 z

210 2110 261 2178 ita,
275 2128 362 2185 quum
377 2110 496 2168 alterum
517 2120 601 2170 vetus
619 2111 727 2183 odium,
743 2111 864 2168 alterum
885 2111 928 2169 ira
941 2127 1045 2171 recens
1059 2111 1188 2171 stimula·

209 2199 262 2263 ret,
274 2189 398 2248 consilia
410 2189 564 2248 conserunt
579 2190 616 2248 de
630 2190 766 2250 Romano
778 2189 866 2250 bello.
908 2229 1035 2250 .....

248 2347 396 2406 XXXIX.
418 2346 610 2425 Imperatores
631 2350 668 2407 ad
693 2349 723 2406 id
745 2348 855 2424 bellum
875 2349 912 2405 de
925 2348 1056 2408 omnium
1070 2350 1188 2428 populo

208 2445 272 2485 rum
286 2428 430 2488 sententis
453 2428 522 2485 lecti
546 2428 645 2485 Attius
666 2427 772 2485 Tullus
786 2437 816 2485 et
831 2426 869 2484 0.
884 2426 1016 2484 Marcius
1029 2430 1110 2488 exsul
1124 2429 1186 2488 Ro-

171 2520 320 2580 comanus,
335 2509 366 2566 in
381 2527 438 2582 quo
453 2505 600 2582 aliquanti>
613 2505 677 2581 plus
701 2507 762 2582 spei
784 2505 950 2580 repositum.
991 2505 1092 2566 Quam
1105 2525 1186 2582 spem

207 2589 393 2664 nequiquam·
403 2586 522 2644 fefellit:
544 2596 577 2642 ut
590 2585 675 2642 facile
697 2593 856 2661 appareret,
871 2583 995 2644 ducibus
1008 2583 1186 2659 validiorem,

206 2668 292 2742 quim
316 2667 458 2739 exercitu,
479 2684 541 2722 rem
564 2665 730 2722 Romanam
753 2681 826 2721 esse.
877 2660 1007 2736 Circejos
1029 2661 1185 2736 profectus,

226 2744 330 2804 timum
344 2746 463 2804 colonos
484 2745 553 2802 inde
567 2743 718 2807 Romanos
736 2740 855 2818 expulit,
870 2739 1046 2815 liberamque
1059 2759 1124 2802 eam
1138 2762 1185 2804 ur.

205 2765 274 2884 bem
289 2825 412 2887 ¹Volscis
435 2824 570 2884 tradidit.¹
604 2823 688 2892 Inde,
713 2823 743 2880 in
768 2819 902 2880 Latinam
926 2819 1183 2884 viamtransversis

168 2904 369 2962 antramitibus
381 2908 587 2981 transgressus,
597 2903 752 2972 Satricum,
766 2899 938 2975 Longulam,
953 2899 1117 2978 Poluscam,
1127 2903 1184 2963 Co·
1260 2941 1261 2948 κ

207 2982 305 3055 riolos,
326 2981 451 3060 (novella
473 2985 535 3042 haec
557 2981 701 3041 Romanis
721 2977 839 3058 oppida)
862 2978 979 3036 ademit.
1031 2981 1105 3046 Inde
1126 2981 1183 3042 La·

208 3061 319 3119 vinium
333 3062 458 3138 recepit:
480 3073 550 3120 tunc
571 3061 710 3134 deinceps
734 3057 922 3126 Corbionem,
936 3057 1095 3134 Vitelliam,
1109 3061 1184 3122 Tre-

207 3141 295 3214 biam,
309 3141 440 3215 Larisos,
454 3141 567 3200 Pedum
581 3138 668 3213 cepit.
708 3135 887 3212 Postremrim
899 3138 936 3194 ad
949 3137 1058 3210 Urbem
1072 3159 1089 3198 e
1103 3140 1183 3219 Pedo

206 3221 306 3292 ducit;
328 3232 367 3294 et,
382 3222 418 3278 ad
442 3221 532 3277 fossas
554 3217 685 3290 Cluilias,
699 3216 826 3293 quinque
840 3217 878 3274 ab
891 3216 970 3276 Urbe
983 3220 1073 3278 millia
1086 3237 1184 3296 passu·

77 3298 82 3306 '
169 3313 266 3375 asum,
281 3301 383 3360 castris
406 3298 515 3374 positis,
530 3297 681 3373 populatur
704 3296 772 3354 inde
794 3314 896 3386 sgrum
909 3296 1096 3370 Romanum3
1119 3319 1185 3360 cus·

205 3381 322 3438 todibus
336 3379 410 3436 inter
433 3375 614 3451 populatores
635 3375 740 3442 missis,
763 3393 812 3450 qur
835 3375 1021 3452 patriciorum
1042 3397 1126 3453 agros
1139 3379 1184 3434 in·

204 3468 300 3516 tactos
313 3463 475 3523 servarent3
497 3449 565 3512 sive'
570 3455 700 3514 inferrus
712 3454 791 3531 plebi
801 3455 906 3532 magis,
920 3456 980 3516 sive
993 3469 1026 3515 ut
1039 3454 1184 3513 discordia

204 3535 277 3596 inde
298 3535 374 3596 inter
396 3529 496 3591 Patres
516 3534 685 3611 plebemque
708 3534 838 3593 oriretur.
879 3533 959 3595 Qua
978 3527 1106 3614 profectd
1119 3537 1182 3586 orta

204 3625 293 3689 esset,
308 3611 381 3674 adeo
394 3611 501 3671 tribuni
522 3611 582 3690 jam
605 3613 733 3673 ferocem
755 3631 807 3688 per
820 3630 851 3670 sc
871 3611 987 3687 plebem
998 3605 1183 3696 criminando

168 3706 196 3748 ⁴⁰
205 3693 237 3752 in
250 3694 390 3770 primores
414 3691 537 3751 civitatis
551 3692 748 3770 instigabant:
770 3689 822 3754 sed
834 3699 972 3747 externus
984 3696 1079 3772 truror,
1093 3699 1184 3742 maxi·

168 3791 175 3808 ·
204 3791 286 3833 mum
307 3771 472 3858 concordie
492 3772 652 3888 vinculpm,
675 3768 807 3847 quamvis
821 3771 980 3836 suspectos
1000 3756 1184 3838 infensosque
1259 3798 1261 3803 -
