2556 4314
549 268 693 346 amani.
710 285 773 322 m.
789 284 848 320 m.
889 235 891 246 '
935 271 939 278 ·
1153 273 1191 332 ιγ

208 422 237 474 ct
248 411 328 491 qudd
343 409 406 490 ipsa
417 409 615 491 propinquitas
633 410 701 482 loci,
716 411 741 472 si
754 410 891 472 Romana
904 431 983 471 arma
994 413 1130 474 omnibus
1144 401 1188 473 in·

207 495 280 552 festa
288 494 421 560 finitimis
431 505 539 561 essent,
549 493 723 565 stimulabat,
733 493 763 550 in
774 493 848 550 fines
856 493 1006 565 Romanos
1015 511 1188 553 excucurre-

206 583 285 646 runt,
298 571 496 648 populabundi
511 571 613 648 magis,
623 570 711 646 quim
722 572 790 648 justi
802 591 880 630 more
893 571 970 630 belli.
1011 571 1111 648 Itaque
1124 591 1186 634 non

187 652 313 710 -castris
326 651 437 727 positis
452 669 511 708 non
524 649 691 726 exspectato
716 650 841 708 hostium
864 651 1003 723 exercitu,
1023 663 1132 727 raptam
1150 669 1188 710 ex

185 731 288 807 sagris
308 730 436 806 praedam
461 739 617 804 portantes,
633 729 723 804 Vejos
746 727 879 786 rediere:
901 729 1053 787 Romanus
1076 729 1186 806 oontrd,

207 819 359 886 postquam
381 810 493 866 hostem
517 808 548 865 in
556 808 637 885 egris
651 827 710 866 non
734 808 855 880 invenit,
871 808 1056 866 dimicationi
1077 809 1186 869 ultimae

209 889 368 947 instructus
390 888 586 962 intentusque,
611 887 745 946 Tiberim
768 887 890 944 transit:
921 905 1008 962 quem
1035 899 1187 964 postquam

208 977 302 1024 castra
321 985 438 1042 ponere,
453 977 483 1024 et
506 967 542 1024 ad
557 967 661 1024 urbem
672 984 858 1024 accessurum
872 966 1013 1044 Vejentes
1027 968 1185 1038 audivere:

119 1063 122 1068 '
206 1046 320 1104 obviam
341 1047 459 1122 egressi,
475 1045 613 1122 ut'potids
634 1047 697 1104 acie
711 1047 914 1118 decernerent,
927 1046 1014 1120 quim
1028 1045 1135 1104 inclusi
1149 1047 1186 1105 de

174 1141 199 1184 to
208 1125 292 1182 tectis
314 1126 515 1200 moenibusque
539 1126 734 1183 dimicarent·
762 1125 819 1198 Ibi,
833 1125 941 1182 viribus
961 1125 1041 1182 nullst
1059 1136 1122 1184 arte
1136 1125 1186 1184 ad·

205 1204 284 1280 jutis,
298 1204 411 1262 tantum
433 1201 562 1262 ¹veterani
586 1207 686 1263 robore
708 1205 851 1262 exercitos
864 1223 915 1262 rex
928 1204 1081 1262 Romanus
1094 1205 1185 1263 vicit:

207 1293 432 1359 persecutusque
446 1285 524 1342 fusos
538 1285 575 1341 ad
589 1285 697 1342 moenia
718 1285 825 1357 hostes,
839 1284 920 1352 urbe,
935 1284 1030 1341 valida
1043 1284 1135 1342 muris
1149 1301 1186 1342 ac

208 1363 265 1420 situ
278 1363 340 1438 ipso
353 1363 474 1436 munita,
488 1365 644 1422 abstinuit:
666 1383 750 1440 agros
773 1363 890 1420 rediens
908 1373 1009 1430 vastat,
1023 1361 1188 1421 ulciscendi

208 1442 310 1518 magis,
338 1441 425 1516 qulam
446 1444 562 1518 praedae,
588 1443 692 1501 studio.
746 1442 845 1517 Eique
867 1441 961 1510 clade,
985 1443 1063 1499 haud
1090 1440 1188 1500 mimis

174 1546 199 1588 15
208 1526 297 1595 quam
321 1517 440 1578 adver'sd
463 1525 572 1596 pugna,
587 1522 699 1579 subacti
721 1521 861 1602 Veientes
874 1539 977 1597 pacem
989 1521 1111 1596 petitum
1124 1539 1189 1580 ora·

209 1609 288 1657 tores
300 1599 429 1655 Romam
452 1601 580 1656 mittunt.
621 1600 694 1674 Agri
716 1609 797 1673 parte
819 1599 946 1656 multatis
960 1599 990 1655 in
1004 1610 1122 1656 centum
1137 1618 1187 1657 an·

209 1695 265 1736 nos
286 1677 414 1735 induoiae
438 1678 521 1734 datae.
563 1677 637 1734 Haeo
659 1678 760 1749 ferme,
783 1677 913 1734 Romulo
936 1688 1088 1751 regnante,
1109 1678 1187 1736 domi

202 1755 378 1830 ¹militiaeque
391 1769 474 1830 gesta
485 1776 492 1812 :
504 1773 634 1832 vquorum
655 1755 727 1827 nihil
749 1755 888 1812 absonum
902 1755 970 1812 fidei
985 1755 1089 1812 divinae
1102 1756 1189 1834 origi·

207 1835 255 1892 nis
269 1835 485 1913 divinitatisque
508 1845 573 1910 post
592 1847 714 1893 mortem
728 1835 847 1892 creditae
861 1834 914 1892 luit
925 1853 1014 1904 ;·n0n
1029 1835 1207 1894 animus-in.

70 1913 72 1918 ’
174 1932 301 1991 eorcgno
327 1913 408 1970 avito·
426 1914 635 1989 recuperando,
660 1928 718 1971 nou
733 1915 904 1990 ‘condendae
929 1914 1008 1970 urbis
1021 1915 1186 1989 consilium,

211 1999 272 2051 nod
282 1993 358 2050 bello
372 2011 407 2049 ac
419 2011 491 2068 pace
516 1993 684 2050 firmandae:
706 1993 742 2050 ab
766 1992 816 2050 illo
838 1994 917 2050 enim
932 1993 1063 2070 profectu
1076 1995 1186 2054 viribus

212 2071 288 2130 datis
301 2071 411 2128 tantum
425 2071 523 2144 valuit,
536 2082 568 2130 ut
591 2073 622 2129 in
644 2073 834 2148 quadraginta
855 2073 964 2130 deinde
988 2091 1081 2131 annos
1095 2084 1187 2131 tutam

210 2167 313 2228 pacem
328 2151 454 2208 haberet.
496 2150 678 2208 Multitudini
692 2163 789 2208 tamen
800 2152 907 2227 gratior
921 2152 984 2225 fuit,
995 2151 1082 2227 quam
1097 2153 1189 2211 Patri-

212 2231 282 2300 bus3
303 2229 390 2306 longe
412 2239 478 2287 ante
502 2231 572 2288 alios
596 2230 814 2306 acceptissimus
837 2231 962 2289 militum
986 2231 1110 2288 animis:
1131 2246 1188 2290 tre·

177 2326 204 2368 25
215 2319 368 2384 centosque
382 2319 507 2367 arm-atos
521 2311 558 2366 ad
582 2310 743 2366 custodiam
767 2311 906 2384 corporis,
919 2329 991 2384 quos
1005 2308 1125 2368 Celeres
1139 2329 1190 2388 ap-

212 2388 335 2464 pellavit,
349 2405 408 2446 non
423 2388 455 2445 in
468 2389 544 2446 bello
558 2389 660 2456 solum,
674 2389 728 2446 sed
741 2389 829 2446 etiam
842 2389 873 2445 in
886 2407 970 2464 pace,
986 2389 1095 2470 habui-t.
1110 2451 1116 2458 ,

266 2473 293 2532 ll
540 2515 541 2522 κ
773 2481 786 2506 ·

128 2541 129 2544 '
174 2555 200 2588 '7
248 2543 336 2602 XVI.·
356 2545 413 2602 His
437 2543 646 2611 immortalibus
666 2542 751 2600 editis
764 2543 909 2617 operibus,
922 2561 1010 2617 quum
1029 2545 1066 2600 ad
1079 2542 1188 2604 exerci-

174 2589 194 2692 ἓ,
209 2633 270 2682 tum
284 2623 500 2682 recensendum
524 2621 696 2679 concionem
720 2621 751 2677 in
765 2639 867 2696 campo
881 2621 917 2676 ad
937 2621 1039 2695 Caprae
1053 2623 1188 2697 paludem

164 2696 338 2778 {baberet
354 2699 450 2760 subito
465 2711 563 2759 coorta
575 2710 731 2775 tempestas
751 2717 819 2756 oum
833 2718 939 2776 magno
953 2699 1065 2777 fragore
1078 2703 1189 2763 tonitri-

187 2830 194 2845 .
210 2781 320 2858 busque
334 2793 392 2840 tam
407 2783 499 2839 denso
512 2799 611 2858 regem
625 2779 738 2856 operuit
752 2779 860 2847 nimbo,
874 2790 908 2836 ut
921 2793 1109 2856 conspectum
1123 2784 1187 2860 ejus

174 2843 347 2920 l‘teoracioni
371 2860 538 2918 abstulerit:
570 2877 626 2917 nec
654 2859 760 2916 deinde
787 2859 818 2916 in
845 2859 928 2916 terris
952 2860 1097 2919 Romulus
1110 2863 1186 2920 ¹luit.

179 2926 195 3008 Ξ
210 2941 349 2998 Romana
361 2942 462 3014 pubes,
477 2940 576 2997 sedato
596 2938 714 2996 tandem
727 2956 843 3014 pavore,
856 2949 1007 3018 postquam
1021 2959 1058 2996 ex
1071 2940 1187 3000 turbido

174 3012 201 3028 ‘⁴
211 3019 261 3075 die
275 3037 378 3094 serena
390 3019 582 3094 ettranquilla
594 3018 644 3075 lux
657 3019 752 3090 rediit,
764 3017 814 3074 ubi
827 3036 948 3074 vacuam
963 3019 1062 3076 sedem
1075 3020 1187 3096 :egram

213 3097 294 3170 vidit,
319 3098 372 3155 etsi
396 3098 463 3155 satis
491 3098 627 3156 credebat
653 3097 797 3169 Patribus,
818 3096 867 3170 qui
890 3097 1013 3172 proximi
1036 3109 1186 3174 steterant,

175 3190 201 3230 ³⁵
211 3177 490 3254 sublimemraptum
503 3177 649 3253 procellai3
671 3187 779 3248 tamen,
793 3176 870 3232 velut
883 3175 1013 3233 orbitatis
1024 3187 1103 3234 metu
1117 3179 1185 3254 icta,

211 3268 346 3314 moestum
361 3257 536 3332 aliquamdiu
550 3256 695 3314 silentium
716 3254 850 3312 obtinuit.
892 3253 1018 3328 Deinde,
1043 3275 1060 3312 a
1083 3257 1185 3331 paucis

210 3335 294 3395 initio
308 3336 395 3408 facto,
415 3336 509 3394 Deum
532 3335 596 3393 Deo
619 3344 730 3407 natum,
743 3351 853 3410 regem,
876 3344 1082 3408 parentemque
1107 3335 1187 3393 urbis

210 3413 354 3475 Mmanae
369 3415 477 3472 salvere
488 3414 615 3472 universi
625 3413 785 3471 Romulum
797 3413 916 3488 jubent:
938 3431 1039 3488 pacem
1051 3413 1187 3487 precibus

210 3505 381 3568 exposcunt,
395 3493 560 3553 uti.volens
581 3493 720 3568 propitius
744 3509 826 3548 suam
850 3509 963 3567 semper
987 3491 1105 3563 sospitet
1123 3505 1187 3562 pro·

174 3593 200 3634 so
210 3571 337 3650 geniem.
379 3573 482 3630 Fuisse
504 3573 591 3630 credo
606 3583 666 3630 tum
687 3589 799 3645 quoque
814 3569 933 3645 aliquos,
947 3569 996 3642 qui
1009 3567 1187 3648 discerptum

210 3667 311 3728 regem
326 3651 444 3709 Petrum
457 3652 591 3709 manibus
604 3650 685 3709 taciti
699 3659 873 3725 arguerent:
895 3643 1023 3702 manavit
1030 3655 1109 3692 emm
1123 3640 1187 3724 bec

210 3749 335 3807 quoque,
363 3732 414 3788 'sed
442 3732 626 3842 perobsgura,
651 3729 736 3786 fama.
795 3725 881 3782 Illam
913 3721 1034 3776 alteram
1065 3712 1188 3771 admira·
