2556 4314
97 327 108 342 ⁶
128 314 186 372 140
527 310 598 361 Tl'l’l
613 310 700 361 LlVll

126 466 258 516 maestam
271 453 394 513 turbam.
435 452 567 520 Dictator
581 454 618 514 de
631 451 747 515 Volscis
759 450 963 528 triumphavit:
977 453 1108 514 invidiae·

125 555 181 611 que
203 535 296 612 magis
319 535 492 612 triumphus,
514 533 601 608 quim
614 533 712 609 gloriae
727 532 800 592 luit:
821 531 927 609 quippe
942 533 1029 602 domi,
1043 555 1105 594 non

89 613 92 618 ’
125 615 246 688 militie,
269 625 384 691 partum
398 632 486 683 eum3
509 622 662 688 actumque
681 612 717 670 de
731 613 804 684 cive,
819 613 929 671 nonde
944 613 1035 682 hoste,
1049 615 1106 674 fre·

125 695 260 752 mebant:
274 713 366 752 unum
379 693 505 752 defuisse
516 693 627 750 tantdm
638 691 789 768 superbiae,
798 689 875 768 qudd
889 711 949 752 nou
964 691 1008 750 M.
1020 692 1106 754 Man·

124 773 181 832 lius
194 784 262 832 ante
276 792 393 833 currum
407 773 444 831 sit
457 773 571 831 ductus.
613 769 736 847 Jamque
750 771 828 829 haud
846 771 947 848 procul
961 773 1105 834 seditione
1128 781 1142 822 ⁵

40 915 50 919 ,
124 871 171 914 res
184 864 264 924 erat;
286 853 370 931 cujus
393 841 537 911 leniebdae
561 851 660 926 causi,
684 851 847 928 postulante
870 852 961 920 nullo,
987 852 1105 929 largitor

124 933 302 992 voluntarius
324 933 443 1010 repente
466 941 584 990 senatus
608 931 711 999 factus,
727 931 872 990 Satricum
887 931 1033 990 coloniam
1045 933 1105 992 duc

123 1011 215 1072 millia
228 1013 336 1071 civium
350 1011 551 1070 Romanorum
565 1011 672 1069 deduci
684 1010 789 1088 jussit:
811 1010 881 1069 bina
898 1011 1002 1089 jugera
1015 1023 1045 1072 et
1059 1031 1104 1072 se-

123 1091 226 1150 misses
247 1092 309 1168 egri
333 1091 479 1170 assignati.
530 1090 621 1153 Quod
645 1109 733 1166 quum
757 1100 787 1148 et
809 1109 930 1167 parvum
948 1102 978 1150 et
999 1093 1103 1167 paucis

122 1170 231 1244 datum,
245 1181 275 1228 et
287 1171 453 1230 mercedem
467 1189 530 1228 esse
543 1170 685 1246 prodendi
703 1170 747 1228 M.
761 1169 867 1229 Manlii
881 1170 1138 1247 interpretum-1⁰

122 1260 184 1320 tur;
205 1251 334 1309 remedio
347 1250 473 1308 irritetur
486 1250 606 1309 seditio:
628 1258 658 1308 et
668 1249 728 1327 jam
741 1250 836 1326 magis
849 1250 972 1327 insignis
992 1259 1023 1310 et
1043 1270 1104 1310 sor-

121 1328 207 1387 dibus
220 1339 250 1387 et
264 1329 338 1388 secie
352 1349 466 1388 reorum
479 1330 564 1388 turba
578 1329 729 1387 Manliana
741 1340 823 1400 erat3
845 1340 1024 1406 amotusque,
1038 1341 1103 1407 post

121 1409 299 1486 triumphum
322 1409 506 1468 abdicatione
528 1409 689 1484 dictaturae,
703 1419 794 1469 terror
808 1419 838 1470 et
851 1410 984 1488 linguam
997 1419 1028 1470 et
1041 1410 1102 1470 ani·

121 1506 183 1548 mos
196 1489 367 1548 liberaverat
380 1489 540 1550 hominum.

159 1645 263 1705 XVII.
284 1647 488 1707 Audiebantur
501 1647 598 1723 itaque
610 1646 757 1723 propalam
767 1665 856 1708 voces
866 1649 1103 1726 exprobrantium
1112 1661 1137 1702 1⁵

120 1726 309 1802 multitudini,
330 1738 349 1766 “
361 1727 437 1804 qudd
462 1728 628 1786 defensores
649 1747 716 1786 suos
740 1745 854 1805 semper
877 1730 909 1788 in
922 1730 1102 1807 precipitem

122 1806 246 1864 “locum
261 1807 356 1867 favore
380 1807 470 1876 tollat,
485 1807 591 1866 deinde
613 1807 644 1865 in
657 1807 720 1884 ipso
734 1808 902 1869 discrimine
915 1811 1037 1886 periculi
1051 1811 1102 1868 de·

121 1891 139 1918 “
150 1886 258 1945 stituat.
300 1888 351 1946 Sic
373 1888 422 1965 Sp.
438 1887 582 1956 Cassium,
597 1887 628 1945 in
643 1906 727 1963 agros
749 1889 864 1965 plebem
877 1891 1040 1958 vocantem,
1054 1890 1100 1948 sic

120 1974 140 2004 ‘⁶
152 1966 203 2041 Sp.
218 1965 359 2038 Maelium,
374 1967 411 2024 ab
434 1986 484 2024 ore
509 1966 616 2025 civium
637 1966 743 2024 famem
758 1969 818 2026 suis
831 1969 971 2046 impensis
983 1969 1100 2045 propul-

120 2053 140 2082 “
151 2055 275 2118 sentem,
299 2064 468 2121 oppressos3
490 2045 533 2104 sic
548 2045 591 2107 Μ.
614 2045 770 2124 Manlium,
784 2065 908 2112 mersam
922 2058 953 2108 et
965 2049 1098 2108 obrutam
1109 2065 1136 2106 ao

119 2126 139 2156 “
150 2122 260 2182 foenore
267 2138 379 2199 partem
390 2125 515 2184 civitatis
525 2125 556 2183 in
567 2125 729 2184 libertatem
739 2146 774 2185 ac
781 2127 877 2186 lucem
885 2129 1097 2204 extrahentem,

118 2203 292 2279 “proditum
316 2204 451 2263 inimicis.
501 2205 642 2286 §raginere
665 2206 781 2283 plebem
802 2208 953 2284 populares
973 2228 1051 2276 suos,
1066 2210 1100 2266 ul

27 2334 33 2345 ,
118 2285 137 2315 “
145 2281 323 2359 jugulentur.
365 2284 500 2343 Hoccine
523 2282 693 2362 patiendum
715 2286 815 2355 fuisse,
829 2287 854 2344 si
868 2288 1021 2345 adnutum
1036 2287 1099 2346 die-⁴

117 2361 248 2420 “tatoris
271 2382 331 2422 non
352 2365 532 2440 responderit
550 2365 593 2423 vir
614 2365 799 2423 consularisl
841 2365 1002 2442 Fingerent
1016 2385 1098 2425 men·

118 2441 233 2500 “titum
255 2442 332 2512 ante,
346 2454 432 2520 atquc
454 2444 521 2502 ideo
533 2463 592 2503 non
616 2445 761 2513 habuisse,
776 2445 853 2519 quod
866 2455 929 2503 tum
942 2447 1098 2522 responde·
1107 2461 1134 2504 2⁵

117 2524 136 2553 “
148 2530 208 2579 ret:
230 2521 278 2579 cui
300 2541 382 2581 servo
402 2541 531 2599 uuquam
553 2523 700 2580 mendacii
714 2541 831 2598 poenam
852 2524 970 2582 vincula
984 2525 1097 2584 fuisee‘l

116 2604 135 2633 “
146 2600 216 2661 Non
236 2601 415 2661 obversatam
439 2613 510 2660 esse
524 2601 694 2661 memoriam
717 2601 812 2660 noctis
835 2601 923 2672 illius,
935 2621 999 2678 quae
1012 2621 1097 2680 paene

116 2690 136 2720 ⁴⁶
147 2681 248 2740 ultima
262 2692 346 2758 atque
361 2693 469 2740 eterna
481 2680 593 2740 nomini
608 2681 746 2740 Romano
760 2680 847 2740 fuerit
859 2683 871 2738 l
892 2701 952 2741 non
966 2683 1096 2758 speciem

99 2777 103 2782 ·
116 2762 270 2838 “agminis
283 2761 442 2831 Gallorum,
456 2780 507 2838 per
528 2760 688 2838 Tarpejam
706 2778 809 2836 rupem
822 2761 990 2820 scandentis
1003 2764 1015 2819 l
1036 2780 1097 2822 non

116 2841 234 2916 “ipsiu
249 2840 291 2898 M.
306 2840 422 2909 Manlii,
443 2841 558 2916 qualem
582 2859 650 2898 eum
672 2849 824 2908 armatum,
848 2841 966 2917 plenum
981 2840 1096 2900 sudoris
1107 2848 1134 2892 ³⁰

115 2929 135 2958 “
146 2938 182 2978 ac
197 2919 357 2997 sanguinis,
368 2920 431 2995 ipso
438 2938 521 2996 paene
529 2919 601 2978 Jove
610 2929 708 2996 erepto
716 2938 753 2978 ex
763 2919 890 2979 bostium
899 2919 1046 2989 manibus,
1056 2921 1098 2979 vi·

115 3003 134 3032 ‘¹
145 2999 275 3058 disseutl
291 2999 449 3057 Selibrisne
464 2999 546 3057 larris
559 2999 681 3076 gratiam
692 2999 830 3058 seruatori
842 2999 941 3077 patrie
949 3000 1070 3060 relatam
1082 3001 1096 3057 l
1175 3019 1178 3024 ·

115 3085 132 3114 “
151 3091 278 3155 atquem
292 3077 381 3154 prope
395 3078 554 3152 caelestem,
568 3080 742 3156 cognomine
756 3079 835 3138 certe*
851 3079 1016 3156 Capitolino
1029 3079 1095 3139 Jovi

116 3168 136 3197 ‘⁴
146 3177 256 3234 parem,
271 3157 403 3226 fecerint,
417 3176 485 3216 eum
498 3159 557 3234 pati
578 3159 708 3218 vinctum
722 3159 753 3219 in
767 3177 896 3228 carcere,
910 3159 941 3217 in
955 3159 1094 3228 tenebris,

113 3236 298 3296 “obnoxiam
320 3237 466 3296 carnificis
490 3238 607 3318 arbitrio
630 3239 738 3298 ducere
763 3239 915 3298 enimaml
956 3237 1043 3296 Aded
1063 3239 1133 3296 in³⁵

113 3322 133 3351 “
144 3337 203 3377 uno
223 3317 358 3376 omnibus
368 3318 441 3378 'satia
455 3318 554 3377 auxilii
569 3317 667 3393 fuisse,
678 3319 788 3378 nullam
802 3338 889 3395 opem
903 3318 934 3376 in
948 3328 1008 3376 tam
1022 3318 1096 3376 mul·

113 3408 132 3438 ‘⁶
143 3398 181 3458 tis
195 3397 246 3456 uni
260 3401 348 3466 esset
360 3400 378 3428 ’¹
420 3399 486 3458 lam
512 3417 551 3457 ne
575 3409 660 3458 nocte
677 3399 800 3476 -quidem
820 3399 906 3457 turba
921 3417 1009 3457 exeo
1028 3398 1096 3458 loeo

111 3479 301 3553 dilabebatur,
325 3479 556 3555 refracturosque
580 3497 729 3538 carcerem
751 3479 959 3550 minabantur;
993 3495 1095 3553 quum,

110 3559 231 3622 remisso
244 3578 279 3618 eo
292 3559 369 3635 quod
382 3558 508 3636 erepturi
520 3569 613 3634 erant,
633 3578 669 3618 ex
683 3559 945 3620 senatus-consulto
966 3557 1097 3616 Manlius

110 3641 234 3700 vinculis
258 3641 413 3700 liberatur:
434 3658 490 3715 quo
504 3638 580 3698 lactc
594 3658 652 3699 non
675 3641 779 3700 seditio
797 3640 889 3708 linita,
905 3639 957 3698 sed
979 3639 1039 3696 dux
1051 3655 1136 3696 seso

111 3721 213 3780 ditioni
228 3721 313 3779 datus
325 3731 377 3779 est.
419 3719 475 3777 Per
488 3720 606 3778 eosdem
621 3719 683 3777 dies
707 3720 820 3778 Latinis
844 3730 874 3778 ct
893 3718 1041 3789 Hernicis,
1056 3715 1096 3775 si-

110 3799 171 3860 mul
185 3799 296 3859 colonis
310 3799 528 3877 Circejensibus
541 3807 571 3858 et
594 3817 612 3858 a
625 3798 753 3876 Velitris,
767 3800 961 3878 purgantibus
981 3817 1014 3860 ee,
1026 3795 1097 3856 Vol·
