2556 4314
497 313 603 364 LIBER
619 313 665 363 IX.
682 325 745 363 car.
762 327 801 362 vr.
1083 315 1138 374 151

167 450 247 514 enim
260 453 507 530 autsponsoribus
520 455 551 512 in
565 455 672 513 soedere
685 474 757 530 opus
770 463 847 512 esset
859 464 909 512 aut
920 453 1078 530 obsidibus,
1089 455 1139 515 ubi

169 535 334 610 precatione
361 553 407 590 res
430 527 619 610 transigiturl
651 543 732 608 “per
752 552 838 609 quem
860 533 996 609 populum
1011 535 1070 608 fiat,
1083 536 1140 610 qud

168 622 188 651 ‘⁴
200 611 297 670 mimis
307 613 420 689 legibus
434 612 519 670 dietis
533 623 634 680 steturf
647 623 678 670 ut
687 631 754 670 eum
765 613 805 672 ita
819 612 931 687 Jupiter
941 612 1032 685 feriat,
1042 632 1144 687 quern,

167 700 188 728 ‘¹
201 691 356 749 admodum
368 711 385 748 a
396 691 546 749 seoialibus
559 711 663 767 porous
677 691 822 749 feriatur.”
845 691 1141 766 spoponderunteon·

145 769 257 843 ⁵sules,
276 770 373 846 legati,
387 780 552 845 quaestores,
577 770 684 828 tribuni
697 769 838 838 militum3
859 769 1034 844 nominaque
1051 769 1141 828 omni·

130 891 132 898 .
168 867 229 916 um,
243 849 291 923 qui
305 849 527 924 spoponderunt,
551 858 683 906 exstant:
705 849 765 919 ubi,
790 847 815 905 si
838 865 876 905 ex
896 847 1003 904 foedere
1017 859 1141 906 astares

167 938 253 994 esset,
281 938 469 1002 praeterquam
496 928 625 990 duorum,
643 926 799 992 fecialium,
827 943 887 983 non
914 935 1078 996 exstarent;
1112 936 1141 984 et

116 1052 124 1056 .
164 1006 281 1079 propter
304 1004 496 1062 neeessariam
518 1004 635 1061 foederis
655 1003 822 1060 dilationem
845 1003 961 1061 obsides
979 1004 1066 1060 etiam
1080 1021 1143 1062 sex·

165 1083 244 1139 oenti
265 1083 375 1157 equites
396 1082 538 1158 imperati,
559 1081 608 1155 qui
632 1080 863 1156 eapiteluerent,
877 1081 900 1138 si
915 1091 1000 1156 paeto
1012 1100 1072 1140 non
1085 1092 1141 1141 sta·

132 1165 155 1208 1⁰
165 1170 250 1218 retur.
292 1161 425 1237 Tempus
448 1160 516 1217 inde
537 1169 675 1217 statutum
696 1159 844 1217 tradendis
857 1159 1016 1232 obsidibus,
1030 1160 1140 1220 exerci-

165 1240 249 1313 tdque
263 1239 376 1297 inermi
400 1238 549 1296 mittendo.
592 1237 814 1314 Redintegravit
840 1238 952 1296 luorum
978 1239 1009 1296 in
1032 1239 1139 1298 eastris

164 1318 315 1376 oonsuldin
329 1320 478 1397 adventus,
493 1316 585 1374 utrix
599 1317 635 1373 ab
648 1317 684 1374 iis
698 1317 876 1376 abstinerent
889 1315 1137 1393 manus,'quorurn

163 1397 324 1455 temeritate
345 1397 381 1454 in·
397 1415 464 1453 eum
490 1395 587 1453 locum
610 1396 728 1453 deducti
747 1404 863 1464 essent3
885 1414 1005 1470 quorum
1022 1397 1137 1472 ignavia

164 1474 268 1532 foediris
293 1475 372 1542 inde,
396 1475 482 1548 quam
505 1473 660 1541 venissent,
675 1475 788 1532 abituri.
830 1473 892 1532 Illis
905 1493 964 1532 non
978 1477 1083 1534 ducem
1097 1475 1138 1534 lo·

128 1565 153 1606 re
163 1572 274 1626 oorum,
290 1573 348 1611 non
369 1553 576 1627 exploratorem
597 1552 705 1608 fuisse:
725 1551 885 1608 belluarum
899 1555 985 1611 modo
998 1573 1092 1615 oaeoos
1105 1554 1136 1614 in

163 1631 276 1689 foveam
301 1632 412 1690 missos,
453 1631 513 1687 Alii
535 1630 606 1699 alios
629 1629 745 1701 intueri,
767 1631 955 1706 contemplari
976 1651 1055 1690 arma
1067 1651 1137 1691 mox

163 1710 317 1779 tradenda,
339 1720 368 1767 et
391 1709 517 1767 inermes
538 1709 648 1768 futuras
671 1709 795 1781 dextras,
816 1709 996 1782 obnoxiaque
1020 1728 1138 1785 corpora

162 1788 258 1847 hosti:
280 1802 439 1864 proponere
463 1787 578 1846 sibimet
602 1787 656 1862 ipsi
671 1796 737 1844 ante
756 1787 855 1845 oeulos
866 1787 969 1863 jugum
982 1788 1095 1857 hostile,
1109 1799 1138 1848 et

125 1929 128 1936 ⁴
161 1866 288 1936 ludibria
312 1867 437 1934 viatoris,
460 1876 489 1923 et
509 1865 604 1925 vultus
618 1866 765 1943 superbos,
778 1876 808 1924 et
821 1884 871 1942 per
885 1876 1009 1924 armatos
1023 1867 1138 1926 inermi-

22 1927 24 1950 ³
72 1955 74 1960 '
125 1957 211 2002 atum
232 1946 297 2004 iter.
339 1946 413 2003 Inde
438 1945 507 2002 soedi
530 1945 654 2021 agminis
674 1945 867 2002 miserabilem
881 1945 966 2012 viam,
981 1964 1032 2020 per
1046 1946 1137 2005 socio·

160 2041 226 2082 rum
249 2026 338 2082 urbes
358 2024 482 2082 reditum
504 2024 536 2080 ¹in
557 2024 678 2100 patriam
702 2025 737 2080 ad
759 2033 904 2098 parentes,
918 2021 973 2098 qud
992 2042 1068 2100 saepe
1082 2025 1137 2102 ipsi

160 2103 340 2179 majoresque
354 2123 453 2161 eorum
467 2103 676 2178 triumphantes
697 2103 851 2160 venissent.
894 2111 913 2139 “
925 2103 964 2162 Se
978 2103 1053 2160 solos
1073 2103 1136 2162 sine

162 2183 320 2254 “vulnere,
342 2183 404 2240 sine
419 2182 503 2255 ferro,
518 2182 580 2240 sine
595 2183 658 2240 acie
672 2181 780 2252 viotos;
802 2181 857 2240 sibi
875 2200 933 2240 non
948 2183 1089 2259 stringere
1102 2183 1136 2240 li·

161 2265 177 2291 “
189 2261 286 2318 o'uisse
297 2261 483 2337 gladios,non
495 2279 614 2319 manum
625 2280 693 2318 oum
702 2262 782 2320 hoste
791 2260 936 2331 eonierre3
951 2261 1006 2320 sibi
1015 2261 1135 2336 nequid-

22 2361 24 2404 3
125 2351 151 2392 at
160 2342 177 2370 ‘¹
189 2357 276 2414 quam
288 2359 376 2407 arma,
388 2341 582 2415 nequidquam
593 2341 678 2413 vires,
687 2333 881 2415 nequidquam
895 2340 1007 2404 animOS
1021 2341 1133 2399 datvs-'³

158 2417 233 2476 Haee
262 2417 451 2475 frementibus
477 2419 547 2475 hora
574 2418 668 2475 fatalis
695 2419 861 2494 ignominia
888 2419 1014 2486 advenit,
1035 2419 1134 2480 omnia

158 2497 285 2554 tristiora
307 2495 484 2571 experiendo
498 2496 618 2568 factura,
639 2495 723 2568 quam
737 2515 801 2570 quae
810 2506 1008 2572 praeoeperant
1021 2497 1133 2556 animis.

158 2573 178 2632 J
180 2593 227 2632 am
241 2573 368 2650 primum
381 2592 449 2631 eum
462 2574 585 2648 singulis
605 2573 782 2631 vestimentis
796 2574 921 2631 inermes
935 2584 1016 2630 extra
1029 2575 1134 2634 vallum

158 2654 239 2710 exire
257 2653 341 2729 jussi,
366 2662 395 2710 et
415 2651 500 2727 primi
514 2651 610 2708 traditi
629 2651 755 2722 obsides,
769 2661 853 2725 atque
867 2651 897 2708 in
912 2651 1073 2709 eustodiam
1087 2653 1136 2711 ab·

125 2731 248 2790 atdueti.
292 2731 372 2788 Tum
387 2750 404 2787 a
417 2729 585 2788 oonsulibus
605 2729 684 2786 abire
697 2729 813 2786 lictores
824 2729 906 2804 jussi,
920 2729 1136 2804 paludamenta·

158 2829 213 2886 que
237 2811 377 2882 detracta,
399 2819 509 2866 tantam
532 2809 607 2865 inter
628 2807 715 2883 ipsos,
737 2807 796 2882 qui,
811 2806 896 2882 paulo
910 2808 976 2865 ante*
991 2827 1040 2866 eos
1054 2822 1135 2870 exse·

159 2899 284 2956 orantes,
299 2888 447 2946 dedendos
470 2887 696 2961 lacerandosque
718 2889 901 2955 censuerant,
920 2887 1133 2950 miserationem

161 2965 269 3046 [secia]
287 2977 328 3040 ut,
342 2987 401 3024 suae
414 2967 535 3042 quisque
556 2965 730 3025 oouditionis
750 2966 864 3033 oblitus,
879 2966 916 3023 ab
929 2967 979 3024 itta
993 2968 1133 3028 deforma·

64 3079 67 3086 =
110 3091 113 3096 .
159 3046 238 3103 tione
252 3056 338 3104 tantae
359 3046 525 3124 majestatis,
550 3045 628 3118 pelut
641 3045 678 3104 ab
690 3044 817 3106 nefando
836 3047 1010 3122 speotaoulo,
1025 3060 1134 3108 averte·

125 3135 203 3204 aeret
216 3125 323 3184 oeulos.
809 3189 821 3226 Q
888 3143 889 3146 ¹

198 3283 252 3341 VI.
274 3283 363 3342 Primi
385 3285 519 3342 eonsules
545 3283 632 3360 prope
659 3282 804 3341 seminudi
830 3282 884 3341 sub
902 3282 1004 3360 jugum
1031 3285 1131 3344 missi:

158 3371 230 3434 tum,
245 3373 276 3418 ut
298 3363 418 3436 quisque
442 3364 534 3438 gradu
557 3363 703 3437 proximus
716 3372 787 3428 erat,
802 3361 843 3420 ita
856 3362 1022 3438 ignominias
1036 3365 1132 3438 objeo·

157 3450 224 3498 tus:
246 3449 307 3497 tum
317 3441 456 3516 deinceps
469 3441 589 3517 singulae
602 3441 740 3517 legiones.
781 3441 1016 3500 Circumstabant
1030 3441 1131 3500 armati

158 3519 266 3590 hostes,
288 3520 495 3593 exprobrantes
517 3519 742 3597 eludentesque:
771 3520 860 3596 gladii
881 3520 967 3579 etiam
989 3517 1131 3593 plerisque

124 3595 313 3666 seintentati3
334 3607 364 3655 et
387 3598 527 3656 vulnerati
551 3598 668 3675 quidam
691 3600 854 3674 neoatique,
874 3599 899 3656 si
912 3597 1006 3654 vultus
1019 3613 1129 3664 eorum,

158 3675 439 3752 indignitatererum
460 3678 563 3752 aerior,
577 3678 713 3736 victorem
731 3677 906 3736 offendisset.
948 3673 994 3731 Ita
1007 3671 1131 3736 traducti

157 3755 211 3814 sub
228 3755 342 3834 jugum,
356 3768 394 3827 et,
416 3760 492 3834 quod
512 3777 595 3836 pane
608 3757 723 3837 gravius
736 3766 871 3832 etampes
885 3752 1009 3811 hostium
1023 3751 1130 3814 oeulos.
