2556 4314
66 295 75 318 ‘
114 323 173 382 114
521 323 695 374 n1r1n1vn

22 453 26 458 ¹
114 467 207 526 didita
240 465 399 524 “Falerios
418 484 449 523 se
464 465 494 522 in
516 484 620 532 uranus
633 465 777 524 Romanis
790 464 1093 541 tradidisse„quando

11 566 14 575 ·
115 551 134 581 “
142 560 198 607 eos
208 565 322 621 prauos,
333 543 594 619 quorum'perentes
607 545 703 620 capita
716 545 756 602 ibi
767 563 863 603 rerum
874 545 941 611 sint,
954 546 985 602 in
997 559 1093 622 potes-

114 627 232 686 “tatem
246 624 418 681 dediderit.'’
439 622 580 684 Quae'ubi
594 623 735 681 Camillus
748 624 866 690 audivit,
890 623 990 681 “Non
1004 627 1041 681 ad
1055 624 1092 681 si-

4 711 6 718 “
109 711 135 754 μ
151 698 279 770 milem,'’
294 703 396 776 inquit,
421 702 493 759 “tui
507 720 564 758 nec
576 702 714 777 populum
734 721 791 759 uec
805 703 1016 776 imperatorem,
1030 721 1093 760 sce·

116 781 235 840 “lestus
258 781 329 856 ipse,
357 798 425 838 cum
450 780 572 838 scelesto
596 800 716 838 munere
741 780 854 837 venisti.
905 780 1000 844 Nobis
1024 800 1128 840 cums

117 859 276 930 “Faliscis,
298 876 362 934 quae
383 869 468 934 pacto
491 858 523 915 fit
547 860 684 927 humano,
703 858 826 916 societas
848 869 983 916 nonest:
1005 879 1092 934 quam

54 987 61 996 .
116 943 133 1014 f‘
146 938 325 1014 ingeneravit
348 948 460 1010 natura,
485 936 613 1012 utrisque
636 947 689 1005 est,
714 937 833 1011 eritque.
876 939 952 994 Sunt
969 949 999 996 et
1013 939 1091 1006 belli,

116 1019 133 1048 '‘
145 1017 222 1074 sicut
234 1017 324 1092 pacis,
345 1017 431 1092 jura:
448 1015 582 1093 justeque
606 1035 650 1087 ea,
672 1035 731 1072 non
753 1014 851 1072 mimis
865 1017 951 1090 quam
970 1016 1091 1085 sortiter,

116 1095 297 1152 “didicimus
318 1113 428 1170 gerere.
479 1094 572 1151 Arma
600 1091 750 1161 habemus,
773 1113 832 1151 non
865 1095 1000 1151 adversus
1026 1115 1092 1152 eam

116 1181 135 1210 “
151 1183 273 1246 aetatcm,
288 1173 338 1230 cui
361 1173 449 1230 etiam
470 1173 561 1247 captis
583 1173 703 1230 urbibus
723 1173 869 1248 parcitnr;
891 1173 942 1229 sed
955 1175 1091 1231 adversus
1102 1183 1128 1221 1⁰

117 1256 134 1282 ‘¹
146 1262 269 1310 armatos
282 1262 312 1309 et
325 1247 412 1327 ipsos,
426 1251 483 1326 qui,
498 1270 554 1311 nec
568 1251 628 1308 laesi
649 1270 705 1308 nec
719 1251 846 1309 lacessiti
860 1271 877 1308 a
890 1251 983 1318 nobis,
998 1262 1093 1309 castra

117 1331 284 1389 “Romana
304 1332 341 1387 ad
362 1331 451 1409 Vejos
474 1330 686 1406 oppugnrlrunt.
727 1330 787 1387 Eos
808 1341 850 1398 tu,
864 1329 1005 1404 quantiam
1019 1331 1049 1386 in
1063 1341 1092 1388 te

117 1409 207 1482 “fuit‚
229 1429 303 1468 novo
325 1410 434 1466 scelere
457 1407 569 1465 vicisti:
590 1428 646 1484 ego
668 1409 812 1466 Romanis
834 1409 953 1476 artibus,
978 1409 1092 1482 virtute,

47 1537 48 1542 ,
117 1491 136 1518 “
146 1508 243 1563 opere,
259 1488 354 1560 armis,
376 1488 452 1545 sicut
473 1488 570 1563 Vejos,
595 1488 740 1544 vincam.'’
781 1487 971 1545 Denudatum
987 1487 1092 1545 deinde

116 1585 194 1640 curn,
209 1569 343 1625 manibus
366 1576 430 1642 post
453 1576 566 1641 tergum
588 1567 714 1642 illigatis,
742 1567 945 1624 reducendum
965 1565 1129 1624 Faleriosrs

116 1645 212 1720 pueris
234 1646 371 1715 tradidit3
400 1646 550 1720 virgasque
574 1645 627 1712 eie,
651 1645 755 1719 quibus
778 1645 953 1720 proditorem
975 1656 1094 1722 agerent

116 1723 148 1780 in
162 1725 263 1782 urbem
285 1726 478 1791 verberantes,
500 1723 589 1781 dedit.
630 1724 679 1780 Ad
706 1725 782 1798 quod
807 1725 1006 1799 spectaculum
1027 1743 1094 1782 con·

118 1820 205 1860 cursu
229 1803 326 1878 populi
347 1801 470 1878 primum
494 1801 581 1875 sacto,
606 1802 712 1859 deinde
735 1821 752 1859 a
773 1803 986 1878 magistratibus
1010 1802 1093 1859 dere
1164 1846 1167 1850 -

117 1881 193 1938 nova
206 1891 308 1938 vocato
321 1891 432 1952 senatu,
444 1890 525 1937 tanta
538 1881 658 1938 mutatio
680 1881 785 1938 animis
799 1892 842 1938 est
856 1881 972 1957 injecta,
987 1891 1027 1951 ut,
1042 1881 1091 1955 qui

117 1957 212 2025 modo,
237 1959 348 2016 efferati
370 1959 436 2015 odio
458 1959 563 2032 iraque,
580 1960 748 2035 Vejentium
769 1960 877 2017 exitum
897 1979 990 2035 paene,
1005 1961 1133 2034 quamao

118 2035 310 2112 Capenatium
330 2056 443 2112 pacem,
458 2037 585 2106 mallent,
611 2039 687 2113 apud
701 2058 750 2095 eos
765 2057 866 2113 pacem
885 2038 1019 2095 universa
1031 2056 1095 2114 pos·

118 2124 197 2171 ceret
221 2115 330 2171 civitas.
372 2115 460 2172 Fides
482 2115 626 2188 Romana,
645 2117 757 2193 justitia
781 2117 971 2192 imperatoris,
986 2118 1016 2174 in
1033 2117 1093 2175 foro

118 2189 152 2249 et'
170 2193 251 2250 curia
272 2194 453 2251 celebrantur
464 2215 471 2264 ;
504 2214 705 2271 consensuque
728 2196 859 2253 omnium
880 2195 968 2270 legati
987 2198 1024 2252 ad
1038 2195 1094 2254 Ca·

4 2251 30 2289 ⁸*
118 2271 230 2330 millum
244 2273 274 2330 in
294 2283 397 2340 castra,
412 2277 496 2346 atque
520 2273 588 2332 inde
612 2274 754 2350 permissu
779 2268 893 2331 Camilli
914 2275 1041 2332 Romam
1056 2276 1093 2331 ad

118 2349 260 2425 senatum,
274 2351 321 2425 qui
343 2353 482 2410 dederent
502 2352 639 2424 Falerios,
660 2354 891 2429 proficiscuntur.
931 2353 1133 2417 Introduction

119 2430 156 2486 ad
172 2440 304 2488 senatum
324 2431 365 2488 ita
378 2431 467 2489 locuti
482 2433 651 2489 traduntur:
674 2443 693 2468 “
705 2433 805 2490 Patres
819 2432 986 2508 conscripti,
1007 2433 1095 2490 victo·

120 2518 139 2545 “
151 2509 203 2584 ris,
217 2510 267 2568 cui
281 2529 337 2568 nec
351 2510 432 2567 Deus
446 2531 502 2568 nec
517 2512 602 2569 homo
615 2511 765 2586 quisquam
779 2511 917 2578 invideat,
933 2512 1001 2569 victi
1016 2532 1033 2569 a
1046 2530 1095 2569 vo·

121 2593 139 2621 “
152 2589 236 2650 biset
250 2590 421 2666 imperatore
432 2601 535 2662 vestro,
548 2590 680 2648 dedimus
692 2610 744 2647 nos
754 2590 834 2647 vobis
846 2611 853 2660 3
868 2591 923 2649 rati
939 2593 1008 2668 (quo
1021 2591 1094 2648 nihil

121 2670 251 2728 “victori
264 2669 413 2746 pulchrius
426 2671 484 2748 est)
505 2669 609 2728 melitis
623 2689 676 2727 nos
690 2670 744 2726 sub
758 2662 879 2744 imp'erio
890 2681 993 2742 vestm,
1008 2668 1094 2745 quam

122 2748 140 2776 “
152 2746 265 2822 legibus
286 2749 399 2818 nostris,
422 2748 556 2806 victuros.
596 2748 713 2806 Eventu
737 2749 823 2824 hujus
837 2749 905 2806 belli
919 2751 977 2806 duo
991 2750 1134 2806 saluta-ao

123 2826 141 2854 “
153 2825 195 2880 ria
214 2827 344 2900 exempla
368 2826 480 2902 prodita
498 2828 626 2885 humano
649 2827 748 2903 generi
771 2837 847 2884 sunt.
888 2828 948 2885 Vos
962 2827 1050 2884 fidem
1065 2827 1096 2885 in

123 2904 142 2932 “
154 2901 238 2969 bello,
253 2901 339 2976 quhm
352 2916 524 2979 presentem
538 2906 696 2974 victoriam,
711 2906 871 2977 maluistis:
886 2926 948 2974 nos,
962 2906 1019 2962 fide
1032 2925 1098 2982 pro·

124 2987 144 3016 “
155 2981 258 3048 vocati,
272 2981 420 3040 victoriam
444 2985 517 3042 ultro
539 2985 703 3043 detulimus.
746 2984 807 3042 Sub
821 2985 929 3042 ditione
943 2987 1036 3042 vestra
1050 3005 1098 3042 su-

125 3067 145 3094 “
157 3077 229 3115 mus.
271 3059 388 3128 Mittite,
403 3063 452 3136 qui
473 3083 562 3136 arma,
586 3065 635 3138 qui
658 3063 782 3132 obsides,
798 3064 847 3138 qui
861 3065 962 3130 urbem
975 3064 1098 3140 patenti-

126 3137 210 3193 “bus
233 3139 321 3212 portis
345 3141 498 3216 accipiant.
539 3142 606 3202 Nec
630 3162 679 3200 vos
693 3143 760 3200 fidei
774 3153 888 3210 nostrae,
908 3162 964 3200 nec
978 3162 1031 3200 nos
1045 3143 1136 3200 im-as

125 3215 228 3291 “perii
242 3217 336 3290 vestri,
356 3220 534 3295 poenitebit.''
576 3220 700 3280 Camillo
723 3232 752 3279 et
766 3223 802 3278 ab
817 3221 946 3279 hostibus
959 3232 988 3278 et
1002 3221 1099 3278 acivi-

125 3293 180 3352 bus
192 3295 292 3372 gratiae
305 3307 386 3354 actae.
427 3299 559 3376 Faliscis,
569 3299 600 3357 in
614 3300 789 3376 stipendium
803 3301 927 3358 militum
941 3300 1004 3376 ejus
1018 3299 1098 3371 anui,

125 3384 158 3433 ut
183 3374 304 3449 populus
331 3375 483 3436 Romanus
509 3378 615 3436 tributo
640 3389 766 3452 vacaret,
793 3379 919 3455 pecunia
948 3379 1099 3455 imperata

126 3452 204 3513 Pace
218 3453 295 3527 data,
308 3456 451 3514 exercitus
464 3456 590 3516 Romam
604 3457 750 3516 reductus.

165 3612 313 3673 XXVIII.
334 3614 485 3683 Camillus,
509 3613 627 3672 meliore
650 3584 742 3675 multb
767 3589 863 3689 laude,
890 3615 977 3690 quam
1011 3632 1102 3688 quum
1112 3633 1142 3673 eo·

127 3691 352 3767 triumphantem
374 3693 430 3750 albi
443 3712 495 3767 per
507 3692 617 3750 Urbem
642 3706 778 3753 vexerant
792 3695 869 3770 equi,
884 3693 1008 3770 insignis
1018 3692 1102 3768 justi·

126 3768 167 3824 tit
180 3769 301 3844 fideque,
316 3770 445 3828 hostibus
458 3769 558 3839 nictis,
579 3789 669 3844 quum
692 3773 723 3830 iu
737 3773 846 3834 Urbem
867 3774 998 3846 redisset,
1013 3769 1101 3830 tacite
