2556 4314
155 317 195 386 36
460 345 464 352 ι
558 323 629 374 rrrr
643 321 732 372 mvn

156 467 343 528 ‘tcertlssa”
385 465 461 524 Haec
486 485 554 524 eum
582 466 660 524 haud
687 464 994 530 falsa'memorantem
1020 464 1173 546 ingenti?

154 567 301 607 consensu
324 544 447 623 populus
471 546 625 604 Romanus
640 563 769 620 regnare
790 544 884 620 jussit.
926 541 1006 619 Ergo
1029 545 1166 615 virum,.⁰

154 639 261 686 caetera
274 627 436 704 egregium,
451 636 562 695 secuta,
577 643 663 700 quarn
685 625 716 681 in
729 623 1029 698 petendohabuerat,
1044 625 1135 684 etiam
1151 621 1171 694 ξ

153 717 324 785 regnantem
339 706 458 763 ambitio
471 715 532 762 est:
553 723 610 760 nec
624 701 718 760 mimis
732 703 814 778 regni
829 702 876 758 sul
888 701 1033 774 firmandi,
1047 704 1135 778 quim
1150 759 1163 784 b
1263 703 1264 716 ¹

154 787 296 864 augenda
317 785 496 860 reipublicae,
518 801 638 854 memor,
658 791 776 838 centum
801 781 832 839 in
857 778 957 838 Patres
971 782 1062 857 legit;
1083 785 1164 858 quis

154 864 261 925 deinde
285 866 424 921 minorum
443 863 572 938 gentium
591 870 658 918 sunt
673 859 828 937 appellati,
850 860 938 916 factio
952 861 1030 917 haud
1044 863 1133 920 dubia
1149 869 1169 943 Ξ

153 945 240 1020 regis,
255 944 338 1019 cujus
352 941 496 1000 beneficio
509 941 540 999 in
554 940 665 996 curiam
689 949 836 996 venerant.
878 939 993 996 Bellum
1006 940 1132 1015 primum
1142 945 1169 976 ὼ

152 1042 220 1082 cum
235 1021 348 1079 Latinis
361 1020 460 1096 gessit,
475 1030 505 1076 et
525 1019 662 1094 oppidum
676 1018 716 1075 ibi
726 1017 851 1092 *Apiolas
865 1018 892 1074 vi
906 1019 1003 1093 cepit:
1023 1021 1134 1094 praede-
1190 1021 1192 1025 ’

152 1121 208 1176 que
222 1101 291 1158 inde
313 1101 432 1176 majore,
446 1099 533 1173 quim
556 1108 664 1172 quanta
687 1097 756 1153 belli
780 1097 858 1153 fame
882 1096 985 1171 suerat,
1004 1102 1131 1173 revecti,

61 1181 62 1184 ’
152 1180 235 1238 ludos
257 1177 423 1254 opulentius
445 1175 680 1251 instructiusque,
704 1176 800 1250 quam
816 1175 926 1250 priores
940 1195 1035 1252 reges,
1051 1178 1130 1236 feeit.
1142 1193 1167 1234 1⁰

152 1257 233 1316 Turn
246 1256 371 1334 primum
383 1257 472 1324 circo,
487 1256 535 1331 qui
560 1275 640 1313 nunc
665 1255 812 1312 Maximus
831 1255 947 1328 dicitur,
962 1257 1131 1332 designatus

151 1337 232 1396 locus
247 1346 309 1393 est:
330 1337 396 1395 loca
409 1336 501 1393 divisa
514 1335 647 1392 Patribus
667 1334 878 1409 equitibusque,
893 1335 943 1391 ubi
964 1337 1131 1410 spectacula

152 1416 207 1474 sibi
231 1415 351 1490 quisque
376 1415 506 1472 lacerent
518 1435 525 1484 3
538 1413 614 1490 fori*
632 1413 775 1489 appellati.
832 1414 1017 1488 Spectavere,
1040 1415 1130 1473 furcis

149 1495 299 1552 duodenos
313 1495 349 1550 ab
363 1496 438 1551 terri
452 1492 618 1569 spectacula
638 1493 696 1550 alta
709 1491 918 1550 sustinentibus
931 1494 1029 1568 pedes,
1071 1495 1131 1552 Lu-

151 1575 265 1634 dicrum
279 1573 333 1630 fuit
346 1573 412 1648 equi
432 1572 611 1649 pugilesque,
626 1591 662 1636 ex
676 1571 792 1628 Etrurii
803 1571 927 1628 maxime
940 1573 1035 1630 acciti.
1078 1575 1130 1631 So·
1141 1594 1166 1634 rs

150 1653 252 1711 lennes
266 1653 372 1716 deinde
387 1649 476 1709 annui
490 1650 623 1708 mansere
646 1650 718 1723 ludi,
732 1651 861 1708 Romani
876 1650 1034 1727 Magnique
1048 1651 1128 1710 varie
1172 1674 1174 1678 ·

150 1732 293 1810 appellati.
309 1791 313 1800 ,
335 1729 500 1796 Ab'eodem
520 1749 590 1806 rege
608 1739 638 1788 et
651 1730 730 1787 circa
744 1729 839 1798 forum·
850 1730 968 1804 privatis
982 1732 1128 1790 aedifican·

151 1812 188 1869 da
202 1811 294 1869 divisa
308 1822 375 1868 sunt
388 1811 470 1880 loca3
491 1811 620 1885 porticus
633 1810 818 1884 tabernaeque
832 1809 925 1866 factae.

123 2033 129 2041 ,
189 1967 337 2024 XXXVI.
360 1966 447 2024 Mnro
470 1985 582 2042 quoque
606 1966 720 2042 lapideo
734 1967 915 2023 circumdare
929 1966 1030 2024 urbem
1045 1986 1128 2042 para·

149 2047 208 2116 bat,
223 2065 311 2121 quum
325 2045 467 2103 Sabinum
478 2035 597 2103 'bellum
612 2045 714 2121 creptis
730 2045 892 2104 intervenit.
934 2044 1076 2120 Adedque
1091 2067 1127 2105 ea
1136 2061 1163 2101 so

150 2125 245 2184 subite
258 2144 304 2182 res
319 2124 382 2197 suit,
405 2135 437 2181 ut
457 2122 535 2199 priris
559 2123 707 2182 Anienem
731 2125 887 2184 transirent
908 2125 1015 2198 hostes,
1037 2125 1124 2200 quim

149 2205 263 2264 obviam
276 2204 318 2260 ire
333 2222 368 2260 ac
381 2203 533 2278 prohibere
548 2205 695 2276 exercitus
709 2204 863 2264 Romanus
876 2214 980 2279 posset.
1022 2205 1125 2279 Itaque

149 2284 323 2358 trepidatum
347 2281 450 2339 Romae
478 2292 540 2339 est:
572 2295 601 2341 et
627 2282 721 2358 primd
748 2284 835 2340 dubis
863 2283 991 2350 victorii,
1018 2289 1125 2360 magni

149 2363 292 2436 utrimque
307 2361 397 2434 crede,
412 2371 571 2437 pugnatum
595 2375 647 2419 est.
689 2363 835 2420 Reductis
856 2363 962 2434 deinde
987 2362 1018 2418 in
1031 2374 1126 2421 castra

148 2441 274 2499 hostium
298 2441 399 2516 copiis,
415 2441 538 2516 datoque
563 2441 654 2517 spatio
678 2442 822 2499 Romanis
847 2443 883 2497 ad
897 2442 1161 2515 comparandumss

148 2520 313 2596 de-integro
327 2519 445 2588 bellum,
461 2521 648 2596 Tarquinius,
663 2521 789 2594 equitem
805 2519 927 2588 maxime
942 2519 1006 2585 suis,
1021 2521 1124 2599 deesse

148 2599 256 2656 viribus
281 2601 421 2666 ratus,.ad
437 2600 587 2674 Ramnes,
615 2599 774 2673 Titienses,
799 2598 937 2666 Luceres,
962 2618 1033 2673 ques
1056 2620 1128 2658 een-

147 2679 236 2735 turies
259 2677 404 2736 Romulus
428 2680 589 2754 scripserat,
606 2680 720 2736 addere
744 2679 814 2736 alias
838 2678 996 2750 constituit,
1015 2698 1124 2754 suoque

89 2754 91 2759 ’
147 2757 276 2832 insignes
290 2758 450 2832 relinquere
474 2758 600 2815 nomine.
642 2758 677 2814 Id
702 2758 770 2831 quia
789 2755 962 2830 inaugurato
977 2749 1124 2816 Romulus

98 2901 100 2904 ¹
147 2835 266 2909 fecerat,
281 2854 388 2912 negare
403 2836 491 2892 Attus
511 2836 634 2902 Navius,
649 2835 822 2908 inclytus'ei
836 2840 1122 2909 tempestate-augur,
1132 2861 1159 2902 30

148 2934 242 2991 neque
256 2915 370 2982 mutari,
385 2931 479 2988 neque
494 2927 599 2970 novum
623 2911 769 2983 constitui,
784 2909 840 2966 nisi
852 2927 918 2965 aves
932 2910 1127 2987 addixissent,-

146 3015 238 3071 posse.
280 2993 326 3052 Ex
339 3013 375 3051 eo
388 2993 431 3050 ira
444 2992 505 3068 regi
513 2995 617 3072 mota}
636 2991 813 3064 eludensque
832 2999 933 3078 artem,
949 2987 995 3066 (ut
1009 2990 1120 3072 ferunt)

147 3077 166 3107 “
178 3074 344 3150 Agedum,²'
353 3071 457 3145 inquit,
470 3081 488 3106 ‘⁴
500 3070 596 3127 divine
605 3080 646 3143 tu,
658 3069 921 3144 inaugura,'fierrne
934 3071 1034 3144 possit,
1043 3073 1121 3146 quod

148 3162 167 3190 “
179 3171 258 3211 nune
282 3169 337 3226 ego
357 3158 455 3204 mente
477 3149 638 3226 concipio.''
680 3147 782 3208 Quum
805 3148 863 3214 ille,
878 3147 908 3203 in
924 3150 1045 3222 augurio
1058 3169 1120 3208 rem

145 3241 290 3306 expertus,
315 3225 444 3302 profectd
472 3226 598 3285 futuram
625 3227 761 3297 dixisset3
794 3225 918 3300 “Atqui
945 3227 1001 3284 hoc
1023 3229 1156 3290 animose

146 3314 165 3342 “
177 3307 311 3382 agitavi‚''
326 3305 429 3378 inquit,
446 3313 504 3362 “te
519 3307 659 3364 novacull
683 3317 777 3365 cotem
798 3305 997 3362 discissurum.
1039 3307 1120 3385 Cape

146 3395 165 3422 “
177 3386 250 3451 haec,
272 3387 302 3440 et
323 3401 440 3459 perage,
466 3385 543 3459 quod
567 3405 633 3442 aves
656 3395 712 3442 tuae
726 3386 788 3444 lieri
808 3403 893 3460 posse
914 3387 1142 3460 portendunt.’'¹

144 3463 225 3523 Tum
238 3463 319 3520 illum
333 3464 410 3519 haud
435 3474 607 3522 cunctanter
621 3465 771 3523 discidisse
793 3476 888 3523 cotem
909 3465 1034 3523 ferunt.¹
1056 3468 1121 3524 Sta·
1209 3477 1233 3487 ''

143 3555 194 3602 tua
205 3543 271 3602 'Atti
285 3542 380 3619 capite
394 3542 497 3617 velato,
508 3563 564 3618 quo
578 3545 608 3602 in
617 3544 681 3602 loco
695 3564 740 3601 res
754 3556 820 3602 acta
833 3555 887 3618 est,
902 3545 932 3602 in
946 3545 1072 3613 comitio,
1087 3547 1119 3604 in

142 3623 280 3700 gradibus
294 3622 373 3699 ipsis,
388 3623 425 3680 ad
448 3624 548 3680 laevam
572 3624 660 3698 curiae
682 3623 754 3682 suit:
775 3635 870 3682 cotem
890 3643 1002 3700 quoque
1015 3625 1154 3688 eodemro
1222 3679 1225 3682 .

143 3703 207 3762 loco
221 3703 305 3762 sitam
329 3702 417 3760 fuisse
441 3714 611 3770 memorant,
626 3713 658 3760 ut
680 3713 758 3760 esset
777 3704 814 3760 ad
836 3715 965 3779 posteros
985 3703 1117 3760 miraculi

142 3780 205 3857 ejus
219 3792 447 3841 monumentum.
485 3783 629 3860 'Auguriis
642 3781 725 3841 certd'
744 3779 962 3858 sacerdotioque
975 3798 1117 3858 augurum
