2556 4314
77 303 134 360 170
483 302 554 353 nn
571 287 657 352 'arun
675 379 677 384 Ι

73 463 122 503 sus
136 466 203 505 eum
225 447 324 504 vineas
348 463 433 523 agere
448 445 581 514 instituit,
597 455 657 520 'per
670 463 741 521 quas
755 445 829 503 aries
843 448 989 508 moenibus
1002 451 1053 510 ad·

73 527 179 584 moveri
194 538 308 602 posset:
330 527 380 583 sed
406 537 437 582 ut
460 527 541 583 locus
557 525 657 601 procul
671 545 755 583 muro
767 527 835 583 satis
850 546 950 603 aequus
964 549 1052 608 agen-

73 605 117 662 dis
145 607 237 662 viueis
261 606 333 674 fuit3
360 606 400 663 ita
422 606 640 680 haudquaquam
666 606 811 681 prospere,
835 619 987 682 postquam
1014 612 1051 668 ad

72 685 208 742 effectum
223 685 317 761 operis
331 696 447 742 ventum
462 696 514 752 est,
530 685 632 760 coeptis
652 686 844 742 succedebat:
866 697 895 743 et
908 690 995 746 turris
1010 690 1054 748 in·

71 783 145 841 gens
159 765 346 822 imminebat:
368 775 397 822 et
411 784 518 832 murus,
534 776 564 822 ut
585 765 615 821 iu
630 775 765 841 suspecto
777 765 851 834 loco,
867 779 1052 842 supra.caete·
1074 789 1088 830 ⁵

72 862 111 901 ra
126 847 243 902 modum
265 845 425 902 altitudinis
446 845 592 902 emunitus
615 856 696 913 erat:
718 855 748 901 et
765 845 901 920 juventus
926 848 1051 924 delecta,

71 924 121 981 ubi
135 924 290 1000 plurimum
303 924 423 1000 periculi
438 943 473 981 ac
487 924 591 981 laboris
612 924 827 992 ostendebatur,
842 925 882 982 ibi
901 926 928 983 vi
942 928 1051 1004 majore

36 1061 38 1070 ,
67 1004 257 1062 obsistebant.
299 1006 345 1060 Ac
370 1004 462 1080 primd
483 1003 640 1061 missilibus
663 997 834 1062 submovere
857 1005 978 1079 hostem,
993 1026 1050 1066 nec

7 1083 42 1171 tu*
69 1085 226 1160 quidquam
248 1083 317 1140 satis
338 1094 431 1140 tutum
456 1083 654 1140 munientibus
678 1084 746 1158 pati.
789 1083 903 1141 Deinde
915 1086 1046 1161 jamnon

71 1183 122 1238 pro
136 1163 281 1219 moenibus
294 1162 379 1220 modd
394 1173 477 1236 atque
492 1162 562 1232 turri
577 1163 634 1219 tela
649 1163 768 1235 micare,
782 1164 834 1220 seu
849 1165 885 1221 ad
898 1184 1047 1241 erumpen·
1058 1185 1085 1226 re

71 1243 138 1299 dum
155 1243 241 1299 etiam
257 1242 286 1298 in
302 1242 439 1299 stationes
463 1260 605 1316 operaque
620 1242 745 1299 hostium
760 1243 873 1300 animus
887 1255 966 1313 erat,
986 1245 1049 1320 qui-

8 1367 22 1382 .
71 1320 125 1378 bus
139 1321 333 1379 tumultuariis
357 1320 564 1378 certaminibus
586 1322 663 1377 haud
679 1321 769 1378 ferme
784 1323 879 1397 plures
894 1324 1050 1399 Saguntini

71 1402 224 1473 cadebant,
239 1401 323 1475 quam
339 1399 431 1457 Pueni.
472 1399 512 1457 Ut
525 1400 592 1457 verb
606 1400 756 1457 Hannibal
768 1402 921 1476 ipse‚dum
936 1422 1051 1462 murum

71 1480 214 1538 incautids
241 1480 327 1552 subit,
342 1480 493 1536 adversum
517 1479 609 1536 femur
623 1480 733 1554 tragula
747 1481 871 1556 graviter
886 1482 961 1539 ictus
975 1482 1052 1541 ceci-

70 1560 133 1628 dit;
168 1571 248 1617 tanta
274 1557 354 1617 circa
373 1559 441 1633 fuga
465 1577 499 1615 ac
523 1551 764 1633 trepidaffi‘liiit,
789 1571 903 1618 utnon
929 1562 1050 1621 multum
1062 1581 1089 1623 1⁵

72 1637 195 1713 abesset,
209 1639 278 1716 quin
292 1657 379 1720 opera
392 1657 427 1696 ac
441 1638 532 1724 vineae
546 1637 757 1700 desererentur.
773 1639 855 1766 X

26 1757 71 1836 ss
112 1763 1051 1881 vill.Obsidiodeindeper,paucosdiesmituiau115ffl⁰ppug⁴

72 1884 160 1949 natio,
177 1884 240 1956 suit,
255 1886 324 1940 dum
346 1886 449 1941 vulnus
473 1885 557 1941 ducis
580 1895 747 1941 curaretur:
769 1903 819 1960 per
840 1885 913 1958 quod
935 1894 1049 1958 tempus

71 1973 103 2019 ut
117 1963 198 2035 quies
222 1964 412 2020 certaminum
435 1976 506 2035 erat,
521 1964 561 2020 ita
575 1965 611 2019 ab
625 1973 762 2038 apparatu
776 1981 894 2038 operum
908 1981 942 2019 ac
956 1962 1051 2019 muni·

7 2097 8 2100 ,
71 2041 183 2098 tionum
204 2041 276 2098 nihil
298 2053 451 2099 cessatum.
494 2043 595 2117 Itaque
619 2043 715 2100 acrius
736 2044 772 2100 de
794 2044 1089 2118 integroobortumau'

72 2133 116 2177 est
131 2120 255 2189 bellum:
277 2121 462 2196 pluribusque
487 2123 625 2198 partibus,
650 2123 698 2179 vix
714 2123 923 2197 accipientibus
935 2123 1053 2196 quibus·

72 2201 139 2257 dam
167 2219 254 2274 opera
281 2201 360 2270 lociS,
392 2201 483 2258 vineae
510 2211 612 2276 coeptae
640 2202 696 2277 agi,
732 2201 930 2276 admoverique
965 2201 1049 2258 aries

74 2280 252 2336 Abundabat
275 2279 460 2337 multitudine
474 2281 625 2342 hominum
636 2280 763 2351 Pcenus3
786 2281 957 2337 aduentum
972 2280 1052 2337 enim

73 2360 282 2434 quinquaginta
301 2359 390 2416 millia
413 2361 549 2417 habuisse
574 2360 706 2417 inarmis
730 2360 799 2418 satis
817 2359 952 2417 creditur.
994 2359 1055 2436 Op·

35 2491 45 2500 ..
73 2439 172 2515 pidani
187 2440 222 2495 ad
237 2438 335 2496 omnia
348 2440 457 2496 tuenda
472 2452 555 2515 atque
573 2441 708 2498 obeunda
722 2439 907 2497 multifariam
923 2439 1089 2512 distaremus

74 2519 161 2594 coepti
176 2530 262 2576 snut:
284 2529 313 2576 et
328 2539 385 2576 non
408 2519 683 2597 sufficiebant'(jam
698 2520 776 2577 enim
792 2519 969 2576 feriebantur
983 2519 1056 2576 arie·

35 2635 60 2647 ψ
75 2599 165 2675 tibus)
191 2599 275 2667 muri,
299 2609 495 2674 quassataque
520 2600 617 2656 multae
641 2609 736 2675 partes
752 2609 842 2656 erant.
884 2599 1056 2676 Unacpptig

76 2679 212 2736 uentibus
238 2679 330 2736 ruinis
357 2679 514 2735 nudaverat
541 2679 662 2736 urbem:
694 2688 753 2736 tres
787 2678 926 2754 deinceps
953 2689 1055 2752 turres,

76 2769 274 2833 quantumque
297 2759 371 2813 inter
395 2777 444 2814 eas
466 2758 540 2815 muri
565 2769 635 2831 erat,
650 2777 717 2815 cum
739 2757 851 2834 fragore
866 2757 978 2834 ingenti
992 2777 1055 2835 pro·
1151 2773 1154 2778 ’

78 2838 228 2895 ciderunt:
250 2847 422 2911 captumque
446 2837 583 2912 oppidum
606 2841 640 2895 ea
654 2838 738 2894 ruina
755 2837 939 2896 crediderant
954 2837 1090 2908 Poeni33u

78 2911 143 2991 qni,
166 2915 244 2971 velut
257 2915 281 2971 si
303 2915 408 2990 pariter
433 2927 570 2993 utrosque
592 2937 691 2975 murus
714 2916 842 2986 texisset,
858 2917 898 2975 ita
912 2918 1055 2993 utrimque

79 2997 109 3053 iu
124 3013 251 3070 pugnam
265 3013 434 3069 procursum
448 3006 501 3053 est.
541 2997 624 3054 Nihil
638 2997 831 3054 tumultuariae
843 3016 948 3073 puguae
963 2997 1058 3054 simile

44 3080 60 3128 '.
80 3089 151 3141 erat,
166 3073 265 3149 quales
279 3074 308 3130 in
322 3075 584 3150 oppugnationibus
598 3077 711 3134 urbium
730 3096 780 3152 per
794 3077 979 3134 occasionem
993 3095 1057 3152 par-

80 3155 117 3214 tis
142 3153 259 3210 alterius
282 3152 396 3210 conseri
417 3155 526 3213 solent:
558 3157 608 3213 sed
627 3157 711 3234 jus-tie,
735 3156 823 3229 aciae,
845 3156 923 3213 velut
946 3155 1058 3230 patenti

82 3253 195 3310 campo,
209 3233 283 3290 inter
298 3233 396 3294 ruinas
410 3235 483 3292 muri
498 3245 630 3310 tectaque
641 3234 723 3292 urbis
737 3237 851 3294 modico
865 3233 1000 3300 distantia
1013 3234 1094 3294 in-as

57 3373 59 3378 ,
83 3314 201 3373 tervallo
224 3313 421 3371 constiterant.
464 3315 544 3372 Hinc
566 3333 640 3389 spes,
662 3315 732 3372 hinc
756 3314 927 3391 desperatio,
946 3314 1093 3374 animost

37 3429 61 3440 α
83 3395 194 3464 irritat;
215 3392 306 3450 Poeno
320 3393 431 3469 cepisse
450 3394 510 3470 jam
523 3412 554 3450 se
569 3393 680 3460 urbem,
695 3393 719 3450 si
733 3393 880 3469 paululum
902 3394 1058 3463 annitatur,

84 3474 242 3542 credente:
265 3472 434 3550 Saguntinis
458 3491 508 3547 pro
529 3468 638 3528 nudati
662 3473 807 3530 moenibus
826 3473 919 3549 patriai
940 3491 1061 3549 corpora

77 3552 306 3630 opponentibus,
320 3571 376 3609 nec
390 3551 448 3608 ullo
461 3551 565 3625 pedem
584 3550 738 3620 referente,
752 3572 790 3616 ne
805 3553 836 3610 in
850 3553 984 3610 relictum
998 3571 1015 3609 a
1029 3571 1060 3610 se

85 3633 182 3691 locum
205 3634 317 3689 hostem
331 3629 505 3688 immitteret.
558 3629 669 3702 Itaque,
690 3629 747 3704 qud
769 3631 864 3689 acrids
885 3643 915 3689 et
938 3631 1096 3690 confertim

86 3711 178 3784 magis
193 3711 333 3784 utrimque
356 3707 534 3782 pugnabant,
548 3706 584 3762 ed
606 3708 701 3781 plures
715 3710 960 3779 vulnerabantur:
980 3710 1061 3768 nullo

87 3787 162 3846 inter
189 3807 269 3846 arma
294 3804 469 3862 corporaque
492 3805 566 3844 vano
592 3785 784 3846 intercidente
805 3789 872 3847 telo.
928 3789 1063 3864 Falarica
1103 3805 1107 3814 ·
