2556 4314
480 717 595 778 LIBRI
617 721 797 782 SECUNDI

180 915 255 965 cla
273 918 624 998 1-X111.,xx111.xx1v.
641 909 885 973 xxvn-xxxv.
903 923 1028 974 xxmx.
1045 923 1102 974 xa.

531 1153 742 1164 ——n—-u—-n—-u

450 1346 579 1382 EPTTOMT
597 1348 678 1382 Issam
697 1348 829 1384 escuem.

181 1457 324 1508 1..Bsnnns
342 1460 490 1523 jurejurando
515 1462 624 1524 populum
647 1463 774 1518 adstrinxit,
793 1463 906 1510 nerninem
926 1477 1022 1526 regnare
1043 1463 1128 1514 Rome

145 1539 269 1642 pensuros·
306 1541 332 1576 11.
352 1527 502 1589 Tarquinium
516 1527 662 1586 Codstinum,
682 1531 793 1593 collegam
806 1545 880 1589 suum,
891 1541 985 1593 propter
995 1532 1126 1580 affinitatem

168 1593 326 1655 arquiniorum
339 1605 476 1657 suspectum,
497 1597 578 1658 co'e'git'
593 1597 712 1644 consulatu
732 1613 756 1646 se
767 1599 875 1656 abdicem,
896 1605 919 1644 et
930 1599 1020 1648 civitate
1037 1599 1124 1648 cedere.

145 1675 175 1711 v,
194 1662 265 1708 Bona
274 1677 354 1724 regum
366 1663 430 1724 diripi
444 1662 528 1725 jussit:
549 1679 628 1725 agrum
649 1665 720 1710 Marti
740 1665 887 1720 consecravit,
899 1665 936 1724 qui
950 1663 1050 1726 Cnmpns
1062 1666 1128 1713 Mar·

144 1727 194 1776 tius
212 1729 344 1777 nominatus
363 1737 412 1777 est:
432 1731 587 1778 adolescentes
608 1731 700 1789 nobiles,
712 1732 735 1778 in
748 1731 828 1792 quibus
839 1747 893 1778 suos
905 1745 994 1791 quoque
1005 1738 1028 1776 et
1046 1731 1128 1778 sororis

143 1793 215 1853 filios,
228 1796 280 1856 quia
300 1797 473 1859 conjuraverant
491 1797 519 1844 de
531 1797 663 1860 recipiendis
681 1798 778 1860 regibus,
791 1799 863 1844 securi
874 1797 998 1859 percussitz
1012 1789 1082 1844 'servo
1093 1797 1128 1845 in·

145 1862 200 1920 dici,
212 1863 248 1908 cui
270 1859 377 1910 Vindicio
397 1879 481 1911 nomen
499 1864 549 1922 fuit,
562 1865 687 1912 libertatem
699 1865 775 1923 dedit;
794 1880 824 1911 ex
841 1868 904 1929 cujus
916 1864 1008 1910 nomine
1030 1864 1128 1913 vindicta

144 1935 180 1977 est
192 1929 311 1991 appellata
349 1946 381 1977 rr.
403 1931 480 1988 Quum
493 1932 602 1979 adversas
614 1949 687 1996 reges,
704 1933 749 1994 qui,
762 1934 883 1980 contractis
895 1931 1061 1994 Veientium'et
1069 1932 1126 1981 Tas-

144 1997 299 2058 quiniensiuns
306 1999 383 2060 copiis,
390 1999 473 2046 bellum
481 1999 611 2057 intulerant,
621 2001 744 2048 exercitum
753 2001 861 2056 duxisset,
870 2001 893 2048 in
905 1999 953 2048 acie
964 2015 1016 2046 oum
1028 1999 1125 2061 Anasta,

144 2064 194 2112 filio
207 2066 308 2127 Superbi,
317 2074 469 2114 commortuus
476 2073 525 2116 est:
547 2082 589 2115 ru.
601 2068 709 2130 Eumque
720 2075 830 2116 matronae
838 2081 923 2116 annum
932 2067 1049 2127 luxerunt.
1070 2069 1123 2119 vul·

145 2131 256 2182 Valerius
268 2135 347 2181 consul
358 2135 432 2196 legem
443 2135 676 2196 deprovocationead
689 2136 795 2198 populum
809 2136 866 2184 tulit.
903 2149 1029 2199 Capitolium
1044 2150 1126 2190 Misa-

146 2215 191 2252 sum
201 2218 240 2252 esr.
275 2215 309 2248 rx.
330 2217 362 2250 x..
374 2199 481 2258 Porsena,
493 2217 534 2248 rex
555 2200 709 2260 Clusinorum,
727 2203 786 2249 bello
803 2215 844 2266 pro
864 2203 997 2266 Tarquiniis
1012 2211 1125 2266 suscepto,

147 2281 219 2329 quum
228 2268 256 2313 ad
267 2266 398 2326 JanIculum
416 2269 523 2324 venisset,
544 2284 573 2315 ne
584 2269 684 2316 Tiberim
696 2271 808 2325 banniret,
820 2271 904 2317 virtute
917 2269 1013 2319 Coclitis
1034 2271 1125 2318 Horatd

144 2335 271 2397 piobibitus
285 2341 336 2388 esta
363 2334 408 2394 qui,
420 2335 474 2380 dum
493 2335 529 2381 alii
545 2343 638 2398 pontem
650 2337 767 2382 sublicium
779 2338 920 2394 rescindunt,-
930 2340 993 2386 solus
1011 2337 1125 2388 Etruscos

145 2401 269 2456 nastinuit3
287 2408 318 2458 et,
337 2409 408 2463 ponte
425 2409 500 2464 nupto,
520 2411 620 2452 armatus
640 2419 664 2450 se
684 2404 707 2449 in
728 2403 813 2450 flumen
828 2406 897 2459 misit,
914 2413 937 2452 et
956 2407 985 2452 ad
1004 2421 1059 2452 suos
1078 2411 1125 2454 trs·

145 2469 218 2519 savis.
255 2484 298 2516 ιιι.
319 2468 425 2518 Alterum
437 2471 521 2517 accesit
535 2471 625 2518 virtutis
642 2471 806 2532 exemplasse
822 2471 904 2520 Mucio
915 2494 922 2525 ι
939 2473 986 2533 qui,
1008 2487 1078 2533 quum
1095 2473 1124 2520 sd

119 2563 121 2569 v
146 2535 271 2584 feriendum
288 2537 414 2585 Personam
432 2544 505 2585 castra
525 2538 624 2586 bostium
643 2535 755 2594 iussisses,
777 2533 852 2584 occiso
872 2536 952 2594 scribd,
968 2553 1035 2598 quem
1047 2553 1125 2600 regem

146 2618 198 2652 esse
217 2607 316 2667 putabat,
336 2607 521 2667 comprehensus,
538 2605 667 2667 impositam
688 2605 793 2652 altaribus
804 2619 906 2660 menum,
918 2605 942 2649 in
954 2606 1034 2664 quibus
1043 2603 1126 2650 sacrifl-

147 2678 224 2719 catum
237 2681 292 2729 erat,
306 2673 370 2719 exuri
382 2688 463 2734 possus
483 2679 534 2729 est;
551 2671 658 2732 dixitque,
678 2672 737 2718 tales
756 2678 869 2718 trecentos
890 2686 940 2716 esse
962 2673 1090 2732 conjuratos
1101 2669 1125 2716 in

146 2747 243 2786 mortem
255 2741 325 2802 ipsius
333 2740 409 2802 regis:
431 2754 526 2802 quorum
539 2737 685 2786 admiratione
697 2746 788 2786 coactus
801 2737 902 2785 Porsena
913 2737 974 2799 pacis
986 2737 1125 2784 conditiones

146 2805 212 2864 ferre,
224 2808 307 2854 bellurn
319 2808 402 2863 omisit,
410 2806 509 2869 acceptis
518 2806 643 2854 obsidibus:
682 2821 736 2853 xm.
750 2805 789 2852 Ex
800 2807 880 2867 quibus
891 2807 957 2867 virgo
968 2821 1020 2863 una,
1034 2802 1123 2861 Cissiis,

147 2873 246 2936 deceptis
266 2875 403 2929 custodibus,
415 2891 455 2937 per
474 2874 573 2922 Tiberim
593 2875 620 2921 nd
638 2875 817 2927 substrauerit,
835 2881 865 2930 et,
878 2887 947 2936 quum
959 2873 1045 2922 reddita
1055 2879 1123 2928 esses,

147 2953 160 2988 s
172 2939 276 2990 Porsend
285 2937 408 2993 honorilice
415 2943 515 2999 remissa,
527 2943 624 3005 equestri
636 2939 710 2990 statui
721 2943 803 2990 donata
814 2949 856 2990 est
895 2953 1043 3003 Apolaustus
1051 2965 1077 2992 ex
1086 2953 1122 2992 Sa

147 3002 201 3042 binis
210 3005 297 3043 Romam
309 3004 433 3054 transfugit:
447 3006 473 3044 ob
489 3006 527 3044 boo
541 3005 627 3044 Ulaudia
638 3005 702 3044 tribus
715 3006 795 3043 ad'eetn
803 3011 841 3042 est.
869 3004 970 3043 Numerus
979 3002 1069 3041 tribuum
1082 3013 1124 3040 arn-

147 3053 226 3101 pliatns
247 3059 286 3102 est,
308 3058 330 3091 ut
345 3059 410 3092 essent
423 3053 496 3104 viginti
513 3066 561 3094 uns.
603 3055 706 3094 Adversus
751 3053 865 3103 tarquinium
879 3053 999 3102 superbum,
1016 3063 1063 3090 eum
1084 3051 1125 3090 La-

147 3101 240 3141 tinorum
262 3102 352 3141 exercitu
377 3101 449 3142 bellum
466 3103 594 3150 inferentem,
615 3105 642 3142 A.
671 3103 786 3142 Postumius
810 3104 897 3142 dictator
914 3102 1008 3151 prospere
1025 3101 1125 3152 pugnavit

147 3169 203 3220 apud
212 3169 278 3210 noum
287 3170 395 3220 Regillum.
431 3173 501 3214 xxus,
514 3160 557 3206 dre.
577 3157 652 3214 Plebs,
665 3173 734 3220 quum
746 3165 837 3220 propter
854 3173 926 3205 nexos
942 3158 971 3203 ob
983 3169 1015 3204 aes
1026 3156 1123 3204 alienum

145 3224 170 3271 ln
179 3224 271 3272 Sacrum
280 3229 381 3274 montem
394 3226 530 3288 secessisset,
543 3225 636 3273 consilio
645 3226 749 3274 Menenii
761 3225 872 3289 Agrippae
880 3241 894 3272 a
902 3224 1010 3275 seditione
1019 3231 1123 3273 revocata

148 3297 190 3339 etl·
208 3303 265 3343 Idem
275 3303 375 3354 Agrippa,
383 3317 444 3352 quum
453 3304 528 3342 decessi
539 3310 578 3353 set,
584 3311 663 3353 propter
669 3303 809 3356 paupertatem
817 3304 898 3353 publleo
903 3303 1004 3352 impendio
1011 3301 1078 3341 elatus
1086 3307 1116 3342 esi

149 3372 236 3405 xxxnr.
255 3357 350 3406 Tribuni
361 3358 432 3419 plebis
441 3359 539 3420 quinque
550 3359 618 3406 creati
629 3367 690 3408 sunt.
727 3372 829 3421 Oppidum
845 3371 966 3410 Voieaorum
978 3369 1057 3409 Corioli
1077 3380 1117 3419 cap

148 3421 582 3478 suumtvinusssrupsrac.n1srsii‚qui
598 3422 624 3459 ob
637 3423 675 3460 boo
687 3421 809 3462 Coriolanus
821 3427 906 3460 voeatas
918 3426 956 3459 est.
982 3420 1017 3458 Ti.
1031 3417 1125 3468 Atinius,

149 3469 178 3508 ris
186 3471 211 3508 de
220 3471 286 3520 plebe,
295 3482 356 3520 quurn
366 3481 387 3507 sn
400 3481 446 3508 visu
454 3470 569 3509 admonitus
581 3476 642 3520 esset,
650 3478 674 3509 ut
686 3472 710 3510 de
723 3471 843 3521 quibusdam
856 3469 987 3520 religionibus
996 3469 1021 3507 ad
1031 3471 1125 3506 mantum

144 3527 147 3535 '
190 3524 254 3566 erret,
270 3525 291 3558 et
304 3531 328 3556 no
344 3518 434 3568 lenisset,
447 3519 521 3558 amisso
534 3519 584 3568 nito,
593 3520 665 3559 debilis
682 3519 758 3569 sactus,
770 3526 886 3570 postquam,
899 3519 979 3558 delatus
992 3519 1018 3556 ad
1031 3518 1125 3554 mustum

148 3519 230 3617 bellios,
238 3568 308 3606 eadem
323 3531 360 3607 illa
376 3568 509 3620 indicaverat,
522 3581 560 3608 usn
576 3570 649 3618 pedum
657 3576 746 3619 recepto,
759 3569 840 3608 domurn
852 3580 943 3608 reversus
955 3573 994 3606 est.
1038 3578 1123 3632 ιιιιι.

150 3654 187 3688 rs.
208 3639 286 3696 erurn
301 3638 330 3688 C·
344 3637 448 3688 Marcius
461 3638 602 3698 Coriolanus,
615 3642 687 3704 quiin
699 3641 803 3688 exsilium
815 3637 1016 3702 emtpulsusdux
1027 3630 1126 3707 Volscq-

150 3721 198 3755 rum
209 3709 291 3765 factus,
304 3708 429 3756 exercitum
440 3709 539 3756 hostium
559 3710 608 3755 urbi
620 3709 703 3756 Romae
715 3709 859 3761 admovisset,
872 3713 895 3751 et
904 3703 966 3749 missi
978 3700 1006 3744 ad
1017 3709 1069 3740 eum
1080 3708 1127 3770 pp-

150 3771 211 3822 mdm
222 3775 299 3840 legati,
317 3783 399 3840 postea
419 3775 554 3832 sacerdotes,
574 3776 658 3824 frustra
676 3775 787 3836 deprecati
803 3777 886 3823 essent,
906 3781 935 3811 ne
951 3763 1035 3808 bellum
1047 3763 1127 3815 patnae

150 3839 256 3900 iolassetr
274 3845 371 3894 Veturia
382 3849 455 3892 mater
463 3851 487 3910 et
499 3843 693 3892 Volumniauxor
700 3841 878 3902 impetraverunt
888 3833 916 3876 ab
927 3842 962 3880 eo,
971 3831 997 3871 ut
1005 3822 1126 3900 resederet.
