2556 4314
5 329 6 332 =
95 295 141 374 74,
498 296 569 348 rur
584 297 672 348 mvn
693 268 698 274 ’

5 473 6 490 2
94 447 169 500 uum
183 441 327 508 laudibus,
349 438 447 500 “Non
470 439 624 509 miseriis‚''
640 439 689 508 ait,
705 438 787 498 “sed
809 439 940 510 licentiat,
960 450 1073 503 tautum

5 545 6 560 ¹
55 563 60 568 ,
94 521 274 580 “connum
295 519 467 589 turbarum3
498 529 539 578 et
560 519 692 580 lascivire
714 519 807 594 magis
832 519 957 594 plebem,
985 525 1072 612 quam

94 601 233 659 “saevire
274 598 310 657 Id
324 599 403 657 adeo
419 599 527 657 malum
548 618 585 656 ex
606 598 808 675 provocatione
822 608 943 662 natum.
966 602 1071 700 quippe
1136 643 1141 649 .

93 681 112 710 “
120 679 215 737 minas
228 699 292 737 esse
307 679 471 751 consulum,
490 697 550 737 non
564 677 735 752 imperium
757 675 807 733 ubi
822 677 858 734 ad
873 696 933 768 eos,
947 679 997 794 qui
1011 680 1072 739 unci

5 765 13 804 F.
92 759 316 835 “peccaverint,
331 777 489 845 provocare
499 757 595 813 liceat
636 754 803 830 Agedum,”
819 755 956 830 inquit‚‘
960 759 1071 818 ‘dicta-
1093 770 1108 810 ⁵

89 845 111 875 “
123 848 224 912 torem,
239 857 256 896 a
277 857 333 928 quo
345 835 510 912 provocatio
531 852 590 891 non
604 843 658 906 est,
672 852 815 893 creemus
857 834 924 894 Jam
939 836 999 906 hic,
1014 857 1071 914 quo
1155 855 1160 860 ·

5 939 40 972 ς·
91 925 201 975 “nuuc
214 917 313 992 omnia
334 915 446 983 ardent,
471 913 666 972 contiscescet
679 913 765 972 furor.
807 913 908 973 Pulset
921 925 983 974 tum
998 918 1070 977 milri
1166 969 1173 980 t
1261 924 1264 933 '

90 1003 109 1040 ‘t
123 993 253 1056 lictorem
256 995 327 1070 ,qui
342 993 424 1067 sciet,
444 991 491 1068 jus
510 993 546 1050 de
568 1001 650 1068 tergo
670 992 786 1070 vitaque
800 993 854 1053 sua
871 1014 963 1072 penes
976 1015 1068 1056 unum

89 1083 109 1112 “
121 1075 202 1134 illum
215 1093 290 1144 esse,
303 1073 388 1150 cujus
401 1073 581 1150 majestatem
595 1071 719 1131 violavit.
722 1073 739 1100 ’¹
814 1111 824 1119 .-
882 1075 891 1086 ²

127 1231 229 1290 XXX.
251 1230 362 1306 Multis,
376 1242 409 1289 ut
431 1240 503 1304 erat,
528 1229 644 1289 horrida
667 1240 697 1289 et
718 1239 799 1290 atrox
812 1230 963 1290 videbatur
977 1233 1105 1310 Appiiro

87 1313 251 1376 sententiar
265 1331 363 1370 rursus
377 1277 504 1387 Vir'ginii
517 1309 665 1385 Lartiique
680 1309 813 1387 exemplo
827 1312 905 1370 haud
919 1312 1066 1384 salubres;

87 1392 186 1468 utique
211 1391 303 1449 Lartii
330 1389 490 1488 [putabant
504 1390 705 1469 sententiam]‚
730 1410 806 1467 quae
799 1401 897 1450 totam
911 1392 998 1449 fidem
1012 1392 1066 1452 tol-

5 1513 6 1516 *
86 1470 166 1530 leret.
208 1470 341 1528 Medium
365 1469 490 1528 maxime
511 1480 541 1527 et
564 1470 745 1528 moderatum
770 1480 891 1547 utroque
912 1472 1066 1530 consilium

86 1549 213 1626 virginii
228 1547 396 1608 habebatur.
438 1547 497 1607 Sed
519 1548 655 1622 factione,
679 1561 871 1625 respectuque
895 1570 990 1608 rerum
1011 1552 1067 1627 pri·

85 1639 231 1689 ratarum
242 1628 320 1706 (quae
345 1647 458 1705 semper
471 1628 596 1696 offecere
608 1595 795 1705 officientque
811 1630 936 1707 publicis
950 1631 1103 1696 consili-15

85 1710 136 1790 is),
150 1709 264 1786 Appius
277 1708 362 1780 vicit;
385 1727 420 1767 ac
444 1727 530 1785 prope
555 1707 618 1777 fuit,
634 1718 666 1766 ut
690 1709 813 1768 dictator
826 1710 875 1768 ille
896 1710 973 1768 idem
988 1729 1067 1768 crea·

86 1800 182 1848 retur:
197 1808 261 1864 quae
275 1808 326 1847 res
336 1788 434 1864 utique
443 1787 598 1847 alienasset
610 1788 726 1864 plebem
738 1788 982 1876 periculosissimo
995 1799 1067 1847 tem·

84 1887 164 1946 pore,
169 1887 267 1944 quum
276 1868 380 1927 Volsci
405 1867 550 1943 AEquique
572 1877 602 1926 et
624 1868 726 1926 Sabini
750 1868 830 1927 forte
843 1887 901 1926 una
917 1887 1018 1926 omnes
1033 1869 1064 1926 in

85 1948 172 2006 armis
186 1956 291 2004 essent.
333 1946 393 2004 Sed
417 1965 494 2004 curae
516 1946 571 2004 fuit
594 1947 762 2007 consulibus
783 1958 812 2006 et
835 1947 996 2006 'senioribus
1010 1941 1065 2005 Pa-

85 2037 172 2099 trum,
187 2036 219 2083 ut
232 2025 396 2101 imperium,
411 2045 463 2084 suo
486 2026 654 2100 vehemens,
678 2037 829 2086 mansueto
851 2027 1064 2102 permitteretur
1075 2046 1103 2087 ao

85 2105 214 2183 ingenio.
269 2103 403 2171 Manium
437 2105 587 2164 Valerium
622 2107 802 2180 dictatorem,
829 2105 929 2164 Volesi
961 2106 1063 2176 filium,
1094 2160 1098 2166 ,

86 2195 196 2245 creant.
237 2183 351 2253 Plebes,
376 2185 431 2243 etsi
456 2186 592 2244 adversus
613 2205 644 2244 se
659 2197 790 2244 creatum
804 2185 972 2244 dictaturem
986 2185 1066 2242 vide-

85 2265 144 2338 bat,
158 2275 266 2334 tamen,
287 2282 376 2338 quum
397 2265 630 2340 provocationem
643 2265 737 2323 fratris
750 2266 815 2342 lege
840 2265 969 2337 haberet,
991 2263 1064 2321 nihil

85 2363 123 2402 ex
136 2343 172 2400 eri
186 2342 296 2400 familiai
309 2343 389 2400 triste
404 2361 459 2400 nec
474 2345 629 2419 superbum
643 2344 771 2402 timebat.
794 2344 932 2402 Edictum
947 2343 1065 2417 deinde,

85 2441 104 2480 a
129 2423 269 2480 dictatore
296 2421 483 2496 propositum,
512 2422 693 2481 confirmavit
714 2423 835 2491 animos,
864 2423 978 2481 Servilii
1006 2421 1101 2484 terea
1170 2433 1172 2437 '

85 2501 213 2561 consulis
234 2500 330 2558 edicto
354 2501 549 2558 conveniens:
572 2503 623 2559 sed
644 2512 673 2560 et
687 2502 795 2560 homini
811 2513 840 2560 et
853 2502 990 2578 potestati
1004 2520 1064 2559 me·

85 2579 141 2640 liris
154 2580 209 2639 rati
223 2579 314 2648 credi,
328 2579 435 2638 omisso
449 2581 618 2649 certamine,
633 2582 752 2640 nomina
766 2582 882 2640 dedere.
922 2581 1065 2643 Quantus

85 2679 234 2737 uunquam
262 2657 328 2717 ante
352 2659 513 2730 exercitus,
531 2660 663 2736 legiones
684 2661 789 2720 decem
813 2661 942 2719 effectae:
975 2671 1065 2718 ternae

85 2740 155 2797 inde
168 2740 243 2796 datae
267 2738 445 2807 consulibus,
470 2748 591 2814 quatuor
614 2740 737 2799 dictator
752 2759 831 2801 usus.
872 2740 939 2798 Nec
952 2749 1066 2816 poterat

5 2851 8 2857 -
83 2817 143 2896 J’am
158 2817 265 2874 bellum
280 2817 397 2875 differri.
438 2857 565 2874 .....
1073 2817 1100 2859 ³⁰

320 2913 410 2966 [Bellum
417 2895 582 2966 ccatra'AEqacs,
597 2915 680 2956 Volscos
681 2916 826 2969 ,ccSclmorJ

127 2983 247 3044 XXXI
287 3024 414 3041 .....
436 2984 593 3043 Trilariam
607 3006 639 3044 re
652 2987 728 3045 bello
752 2988 827 3045 bene
851 2985 944 3064 gesta,
966 2986 1003 3044 dc
1017 2987 1066 3044 do-
1109 3019 1110 3024 κ

88 3065 275 3125 mesticarum
297 3081 393 3122 rerum
416 3074 522 3121 eventu
545 3084 602 3123 nec
626 3066 759 3124 Patribus
771 3086 828 3125 nec
841 3067 919 3142 plebi
933 3084 1004 3123 cura
1017 3066 1066 3124 de·

88 3153 234 3214 cesserat:
255 3143 337 3200 tanta
349 3162 439 3218 quum
452 3143 555 3219 gratia,
577 3154 638 3202 tum
653 3155 713 3203 arte
734 3155 1016 3231 praeparaverant
975 3145 1065 3204 foene·

88 3233 285 3307 rectoresque
298 3241 357 3281 non
371 3221 457 3281 modd
470 3223 596 3300 plebem,
611 3224 683 3280 sed'
675 3243 769 3299 ipsum
783 3226 870 3284 etiam
885 3216 1065 3297 dictatorem,

88 3268 300 3364 frustraientur.
342 3301 477 3393 Namque
500 3302 645 3376 Valerius,
668 3313 732 3379 post
745 3303 859 3362 Vetusii
880 3303 1007 3365 consulis
1020 3313 1100 3360 re·³⁵

89 3385 192 3449 ditum,
204 3379 333 3439 omnium
357 3382 504 3448 actionum
526 3381 556 3439 in
571 3392 673 3439 senatu
690 3383 813 3459 primam
827 3384 928 3443 habuit
940 3402 1002 3464 pro
997 3382 1065 3441 vic-

88 3473 150 3524 tore
164 3459 288 3538 populo:
302 3461 466 3536 retulitque,
481 3461 549 3536 quid
563 3461 646 3518 nexis
660 3461 722 3520 fieri
735 3462 882 3555 placeret.
897 3482 961 3539 quae
975 3479 1065 3540 quum

89 3542 198 3621 rejecta
223 3538 324 3599 relatio
347 3549 432 3613 esset,
463 3540 560 3598 “Non
583 3541 715 3618 placeo‚’'
740 3542 843 3618 inquit,
869 3541 1065 3634 “concordiae

90 3627 110 3656 “
121 3631 237 3681 auctor.
258 3619 393 3696 optabitis
418 3586 478 3698 (me
505 3619 580 3681 Dius
603 3620 710 3759 fidiusi,
727 3641 815 3699 prope
837 3622 926 3690 diem,
949 3633 981 3680 ut
1005 3619 1062 3680 mei

90 3701 230 3760 “similes
254 3700 389 3760 Romana
411 3700 511 3776 plebes
533 3711 667 3777 patronos
712 3700 804 3761 abeat
844 3701 936 3764 Quod
960 3701 996 3758 ad
1016 3694 1101 3758 meai

90 3781 110 3812 “
122 3780 233 3849 attinet,
260 3799 356 3858 neque
382 3779 539 3841 frustrabor
565 3779 641 3840 ultra
667 3780 745 3840 cives
768 3800 859 3850 meos,
884 3799 980 3858 neque
1001 3779 1065 3858 ipse

1267 3787 1272 3936 l
