2556 4314
563 307 671 358 LIBER
688 308 722 362 ΙΙ.
740 322 804 359 car.
819 319 846 357 r.
1141 319 1194 381 ω

215 470 257 519 ra,
272 461 302 508 et
326 451 364 508 ad
389 451 566 509 frumentum
587 451 814 526 comparandum
838 451 928 526 missi,
942 455 990 514 alii
1010 455 1040 514 in
1054 457 1186 533 Volscos,

215 529 265 588 alii
280 529 400 590 Cumas.
444 530 520 588 Salis
542 547 656 612 quoque
669 530 813 588 vendendi
827 531 986 603 arbitrium,
999 537 1187 616 quiaimpen-

215 628 248 666 so
271 609 365 685 pretio
385 609 511 682 venibat,
534 609 564 666 in
585 609 736 685 publicum
758 611 839 668 omni
872 623 996 688 sumptu,
1023 616 1187 694 ademptum

215 688 342 764 privatis.
383 688 575 764 Portoriisque
596 699 626 746 et
649 688 756 767 tributo
776 689 876 772 plebes
899 691 1027 765 liberata,
1040 704 1075 752 ut
1085 696 1187 757 divites

129 838 134 846 ¹
169 767 391 850 „⁵conferrent,
406 769 454 842 qui
477 768 557 826 oneri
578 767 699 825 ferendo
712 780 828 828 essent:
848 789 990 847 pauperes
1001 773 1070 830 satis
1084 775 1188 850 stipen-

217 846 258 904 dii
271 849 407 922 pendere,
431 847 461 904 si-
478 848 582 904 liberos
604 848 771 905 educarent.
813 849 916 925 Itaque
930 852 993 910 baec
1007 852 1189 930 indulgentia

214 924 343 994 Petrum,
368 926 476 1002 asperis
498 927 680 1002 postmodum
703 927 790 985 rebus
814 928 845 986 in
868 929 1019 992 obsidione
1044 950 1080 990 ac
1101 933 1188 1002 farne,

213 1003 287 1061 adeo
311 1005 485 1064 concordent
509 1006 657 1064 civitatem
675 1007 779 1075 tenuit,
802 1018 834 1066 ut
857 1009 977 1087 regium·
994 1029 1103 1070 nornen
1127 1031 1187 1072 non

211 1083 316 1141 summi
340 1085 433 1161 magis
455 1086 542 1161 quim
564 1085 656 1144 infimi
680 1087 849 1157 horrerent3
870 1107 928 1146 nec
945 1089 1096 1165 quisquam
1110 1109 1187 1150 unus

178 1169 201 1210 1⁰
211 1161 293 1220 malis
314 1164 423 1221 artibus
443 1175 544 1240 postea
564 1175 624 1222 tam
645 1165 790 1241 popularis
813 1177 898 1240 esset,
920 1166 1009 1243 quim
1031 1180 1095 1229 tum
1108 1169 1185 1230 bene

209 1239 377 1318 imperando
387 1243 538 1302 universus
551 1254 669 1302 senatus
682 1244 813 1386 fuit.·><
920 1307 922 1310 ,

121 1397 150 1493 *i
249 1400 289 1458 X.
309 1400 414 1464 Quum
437 1401 534 1459 hostes
555 1401 699 1468 adessent,
722 1419 775 1476 pro
797 1422 829 1460 se
842 1404 962 1480 quisque
975 1404 1007 1462 in
1025 1405 1128 1465 urbem
1148 1425 1186 1468 ex

121 1493 134 1531 s
206 1479 287 1556 agris
301 1480 482 1556 demigrant:
503 1479 604 1536 urbem
624 1479 717 1554 ipsam
738 1481 853 1556 sepiunt
868 1483 1031 1556 ·praesidiis;
1053 1485 1110 1542 alia
1123 1505 1185 1544 rnu-

210 1559 260 1628 ris,
276 1559 334 1614 alia
346 1559 450 1614 Tiberi
463 1557 576 1634 objecto
590 1558 761 1615 videbantur
775 1568 846 1622 tuta.
887 1559 964 1617 Pons
978 1562 1117 1620 sublicius
1130 1564 1185 1624 iter

176 1641 297 1711 1⁵paene
311 1637 442 1693 hostibus
463 1636 560 1705 dedit3
581 1635 612 1693 ni
636 1655 713 1692 unus
737 1635 779 1692 vir
793 1636 904 1704 fuisset,
919 1634 1057 1696 Horatius
1070 1641 1186 1710 Cocles,

213 1715 257 1796 (id
279 1715 496 1773 munimentum
520 1714 569 1772 illo
593 1714 640 1773 die
662 1714 777 1772 fortuna
797 1715 878 1772 urbis
897 1713 1041 1773 Romanae
1071 1718 1186 1799 habuit)

210 1793 268 1868 qui,
283 1794 402 1869 positus·
417 1795 488 1851 forte
503 1794 533 1851 in
548 1793 670 1852 statione
686 1795 789 1870 pontis,
804 1813 893 1868 quum
907 1804 1023 1870 captum
1037 1796 1188 1872 repentino

211 1873 322 1948 impetu
346 1873 527 1939 ianiculum,
554 1884 638 1947 atque
660 1873 732 1934 in&
754 1873 1024 1932 citatos‘decnrrere
1037 1875 1134 1934 hostes
1147 1878 1186 1936 vi·

212 1951 310 2023 disset,
335 1951 533 2026 trepidamque
557 1952 670 2010 turbam
683 1972 800 2010 suorum
815 1971 895 2010 arma
908 1953 1080 2029 ordinesque
1101 1956 1187 2015 relin-

175 2036 201 2076 20
211 2049 311 2106 quere,
326 2033 534 2106 reprehensans
554 2031 690 2107 singulos,
705 2032 857 2104 obsistens,
871 2033 1075 2108 obtestansque
1088 2033 1185 2112 Derim

211 2121 241 2166 et
255 2109 406 2167 hominurn
426 2110 523 2184 fidem,
547 2111 715 2185 testabatur,
730 2111 954 2187 “nequidquam
976 2112 1089 2171 deserto
1112 2133 1184 2188 prer-

212 2189 317 2246 “sidio
327 2208 378 2246 eos
391 2189 499 2265 sugere.
523 2189 555 2247 Si
568 2191 721 2248 transitum
734 2201 852 2266 pontem
865 2210 884 2248 a
897 2201 979 2268 tergo,
991 2191 1184 2266 reliquissent,
1259 2253 1260 2256 ,

213 2276 231 2302 “
239 2268 298 2343 jam
310 2269 375 2344 plus
389 2267 514 2326 hostiurn
529 2269 559 2326 in
573 2269 683 2328 Palatio
698 2270 907 2346 Capitolioque,
918 2270 1006 2344 quim
1020 2270 1051 2328 in
1064 2270 1186 2330 lanicu-

210 2345 232 2382 ’“
244 2347 280 2419 lo,
295 2347 362 2405 fore.
404 2346 505 2421 Itaque
519 2366 646 2417 monere,
657 2350 824 2424 predicere,
840 2358 872 2406 ut
884 2359 1002 2424 pontem
1017 2347 1100 2421 ferro,
1113 2349 1184 2426 igni,

173 2431 201 2475 2⁵
213 2426 423 2501 “quicumque
441 2427 470 2493 vi
491 2435 618 2500 possent,
643 2427 862 2502 interrumpent.
904 2427 944 2481 Se
966 2427 1106 2500 impetum
1120 2429 1185 2486 hos·

160 2553 163 2559 r
212 2513 230 2539 ‘⁵
243 2505 326 2573 tium,
349 2502 491 2579 quantum·
512 2521 630 2576 corpore
652 2521 711 2559 uno
731 2515 829 2575 posset
842 2501 951 2569 obsisti,
966 2506 1183 2574 excepturum.”

211 2583 297 2642 Vadit
319 2583 387 2642 inde
421 2583 452 2638 in
474 2581 600 2656 primum
624 2579 734 2636 aditum
754 2576 874 2652 pontis;
906 2576 1085 2652 insignisque
1112 2580 1186 2640 inter

210 2674 366 2738 conspecta
390 2659 560 2718 sedentium
582 2676 689 2736 pugne
713 2661 804 2731 terga,
836 2653 964 2712 obversis
984 2655 1118 2715 cominus
1148 2661 1185 2718 ad

142 2749 145 2754 '
209 2741 370 2800 ineundum
395 2738 530 2817 proelinm
555 2737 651 2805 armis,
677 2736 739 2812 ipso
753 2733 894 2792 miraculo
908 2734 1038 2792 audaciae
1051 2735 1185 2815 obstupe-

173 2829 199 2868 ³⁰
211 2820 288 2878 fecit
303 2822 408 2878 hostes.
450 2818 532 2875 Duos
556 2826 654 2874 tamen
677 2835 746 2873 cum
770 2833 805 2872 eo
818 2813 910 2889 pudor
932 2813 1033 2887 tenuit,
1049 2816 1098 2892 Sp.
1113 2817 1183 2878 Lar·

209 2899 284 2956 tium
310 2919 345 2956 ac
369 2899 408 2956 T.
433 2893 629 2964 Herminium,
656 2895 755 2953 ambos
770 2893 874 2951 'claros
900 2912 1007 2969 genere
1034 2893 1183 2972 factisque.

210 2977 290 3036 Cum
314 2979 359 3034 his
379 2976 499 3053 primam
519 2975 641 3053 periculi
662 2973 827 3050 procellam,
848 2982 878 3030 et
891 2972 967 3047 quod
989 2973 1185 3035 tumultuosis-

210 3056 317 3114 simum
330 3075 434 3133 pugna
448 3067 518 3124 erat,
540 3073 695 3131 parumper
713 3052 866 3112 sustinuit:
888 3051 994 3109 deinde
1008 3071 1057 3110 eos
1070 3071 1183 3131 quoquc

210 3135 297 3211 ipsos,
312 3136 416 3213 exigui
439 3139 520 3213 parte
543 3135 639 3210 pontis
660 3133 772 3206 relicti,
786 3131 997 3203 revocantibus,
1012 3133 1063 3206 qui
1074 3135 1182 3193 rescin-

172 3234 198 3274 ac
210 3216 326 3282 debunt,
341 3217 446 3274 cedere
471 3215 501 3272 in
516 3224 611 3272 tutum
625 3213 730 3290 coegit.
772 3210 988 3269 Circumferens
1002 3210 1070 3270 inde
1084 3222 1182 3270 truces

209 3295 361 3353 minaciter
384 3295 485 3352 oculos
506 3294 543 3351 ad
563 3311 697 3368 proceres
721 3292 920 3358 Etrriscorum,
948 3308 1028 3373 nnnc
1052 3290 1181 3368 singulos

207 3392 372 3448 provocare,
398 3391 477 3430 nunc
502 3371 650 3448 increpare
662 3390 775 3439 omnes,
799 3368 951 3427 “Servitia
965 3387 1067 3445 regum
1081 3387 1179 3444 super·

209 3463 228 3489 “
241 3453 354 3518 borum,
377 3471 437 3509 snae
460 3450 598 3508 libertatis
623 3451 815 3521 immemores,
838 3448 961 3506 alienam
982 3455 1180 3523 oppugnatum

208 3542 227 3568 “
238 3530 365 3588 venire.''
408 3530 544 3588 Cunctati
568 3530 743 3606 aliquamdiu
765 3538 842 3596 sunt,
857 3528 926 3584 dum
941 3525 1016 3612 alius
1035 3523 1133 3590 alium,
1147 3527 1181 3576 nt

171 3609 341 3687 roproelium
372 3610 522 3685 incipiunt,
536 3609 800 3685 circumspectant.
849 3605 945 3692 Pudor
971 3598 1077 3656 demde
1101 3611 1181 3654 com·

208 3689 296 3747 movit
310 3689 420 3759 aciem;
442 3699 481 3757 et,
496 3689 620 3747 clamore
635 3689 755 3758 sublato,
777 3683 905 3755 undique
918 3697 949 3736 m
963 3689 1054 3766 unum
1068 3672 1180 3763 hostem

209 3769 265 3828 tela
278 3769 448 3848 conjiciunt.
490 3767 676 3904 Quacfiquum
697 3767 728 3826 in
739 3764 853 3840 objecto
866 3764 973 3813 cuncta
986 3758 1069 3812 scuto
1082 3750 1183 3837 llaettt·
