<?xml version="1.0" encoding="UTF-8"?>
<!DOCTYPE html PUBLIC "-//W3C//DTD XHTML 1.0 Transitional//EN"
    "http://www.w3.org/TR/xhtml1/DTD/xhtml1-transitional.dtd">
<html xmlns="http://www.w3.org/1999/xhtml" xml:lang="en" lang="en">
 <head>
  <title>
</title>
<meta http-equiv="Content-Type" content="text/html;charset=utf-8" />
  <meta name='ocr-system' content='tesseract 3.04.00' />
  <meta name='ocr-capabilities' content='ocr_page ocr_carea ocr_par ocr_line ocrx_word'/>
</head>
<body>
  <div class='ocr_page' id='page_1' title='image "./historiarumetse03livygoog_0139.png"; bbox 0 0 2556 4314; ppageno 0'>
   <div class='ocr_carea' id='block_1_1' title="bbox 125 295 695 369">
    <p class='ocr_par' dir='ltr' id='par_1_1' title="bbox 125 295 695 369">
     <span class='ocr_line' id='line_1_1' title="bbox 125 295 695 369; baseline -0.009 -17"><span class='ocrx_word' id='word_1_1' title='bbox 125 303 183 369; x_wconf 78' lang='lat' dir='ltr'>lae</span> <span class='ocrx_word' id='word_1_2' title='bbox 514 297 591 355; x_wconf 82' lang='lat' dir='ltr'>mm</span> <span class='ocrx_word' id='word_1_3' title='bbox 608 295 695 348; x_wconf 85' lang='lat' dir='ltr'>mvn</span> 
     </span>
    </p>
   </div>
   <div class='ocr_carea' id='block_1_2' title="bbox 122 437 1144 822">
    <p class='ocr_par' dir='ltr' id='par_1_2' title="bbox 122 437 1144 822">
     <span class='ocr_line' id='line_1_2' title="bbox 122 437 1104 519; baseline -0.007 -13"><span class='ocrx_word' id='word_1_4' title='bbox 122 449 161 506; x_wconf 89' lang='lat' dir='ltr'>it:</span> <span class='ocrx_word' id='word_1_5' title='bbox 182 463 265 504; x_wconf 87' lang='lat' dir='ltr'>reum</span> <span class='ocrx_word' id='word_1_6' title='bbox 286 442 364 501; x_wconf 83' lang='lat' dir='ltr'>heud</span> <span class='ocrx_word' id='word_1_7' title='bbox 388 441 510 500; x_wconf 89' lang='lat' dir='ltr'>dubium</span> <span class='ocrx_word' id='word_1_8' title='bbox 533 442 597 519; x_wconf 89' lang='lat' dir='ltr'>ejus</span> <span class='ocrx_word' id='word_1_9' title='bbox 619 459 713 515; x_wconf 80' lang='lat' dir='ltr'>noxae,</span> <span class='ocrx_word' id='word_1_10' title='bbox 738 437 964 516; x_wconf 80' lang='lat' dir='ltr'>approbantibus</span> <span class='ocrx_word' id='word_1_11' title='bbox 978 437 1104 513; x_wconf 84' lang='lat' dir='ltr'>cunctis,</span> 
     </span>
     <span class='ocr_line' id='line_1_3' title="bbox 122 519 1104 599; baseline -0.01 -13"><span class='ocrx_word' id='word_1_12' title='bbox 122 527 160 586; x_wconf 89' lang='lat' dir='ltr'>de</span> <span class='ocrx_word' id='word_1_13' title='bbox 174 544 243 584; x_wconf 84' lang='lat' dir='ltr'>saxo</span> <span class='ocrx_word' id='word_1_14' title='bbox 263 523 378 599; x_wconf 86' lang='lat' dir='ltr'>dejecit.</span> <span class='ocrx_word' id='word_1_15' title='bbox 420 521 495 579; x_wconf 90' lang='lat' dir='ltr'>Inde</span> <span class='ocrx_word' id='word_1_16' title='bbox 515 520 684 579; x_wconf 80' lang='lat' dir='ltr'>intentiores</span> <span class='ocrx_word' id='word_1_17' title='bbox 704 520 848 594; x_wconf 84' lang='lat' dir='ltr'>utrimque</span> <span class='ocrx_word' id='word_1_18' title='bbox 869 519 1007 576; x_wconf 81' lang='lat' dir='ltr'>custodie</span> <span class='ocrx_word' id='word_1_19' title='bbox 1020 538 1104 590; x_wconf 90' lang='lat' dir='ltr'>esse;</span> 
     </span>
     <span class='ocr_line' id='line_1_4' title="bbox 122 597 1106 682; baseline -0.008 -18"><span class='ocrx_word' id='word_1_20' title='bbox 122 616 153 664; x_wconf 90' lang='lat' dir='ltr'>et</span> <span class='ocrx_word' id='word_1_21' title='bbox 166 604 242 682; x_wconf 90' lang='lat' dir='ltr'>apud</span> <span class='ocrx_word' id='word_1_22' title='bbox 256 602 365 675; x_wconf 77' lang='lat' dir='ltr'><strong>Gallos,</strong></span> <span class='ocrx_word' id='word_1_23' title='bbox 378 601 446 676; x_wconf 90' lang='lat' dir='ltr'>quia</span> <span class='ocrx_word' id='word_1_24' title='bbox 466 600 614 676; x_wconf 87' lang='lat' dir='ltr'>vulgatum</span> <span class='ocrx_word' id='word_1_25' title='bbox 635 609 706 668; x_wconf 87' lang='lat' dir='ltr'>erat,</span> <span class='ocrx_word' id='word_1_26' title='bbox 722 599 799 657; x_wconf 79' lang='lat' dir='ltr'>inter</span> <span class='ocrx_word' id='word_1_27' title='bbox 817 597 906 674; x_wconf 85' lang='lat' dir='ltr'>Vejos</span> <span class='ocrx_word' id='word_1_28' title='bbox 920 597 1106 674; x_wconf 84' lang='lat' dir='ltr'>Romamque</span> 
     </span>
     <span class='ocr_line' id='line_1_5' title="bbox 123 677 1119 756; baseline -0.009 -13"><span class='ocrx_word' id='word_1_29' title='bbox 123 684 242 743; x_wconf 88' lang='lat' dir='ltr'>nuntios</span> <span class='ocrx_word' id='word_1_30' title='bbox 256 699 420 741; x_wconf 89' lang='lat' dir='ltr'>commeare</span> <span class='ocrx_word' id='word_1_31' title='bbox 432 700 439 751; x_wconf 87' lang='lat'><strong>;</strong></span> <span class='ocrx_word' id='word_1_32' title='bbox 460 691 490 740; x_wconf 85' lang='lat' dir='ltr'>et</span> <span class='ocrx_word' id='word_1_33' title='bbox 503 679 580 756; x_wconf 91' lang='lat' dir='ltr'>apud</span> <span class='ocrx_word' id='word_1_34' title='bbox 600 680 763 752; x_wconf 81' lang='lat' dir='ltr'>Romanos,</span> <span class='ocrx_word' id='word_1_35' title='bbox 784 678 821 736; x_wconf 83' lang='lat' dir='ltr'>ab</span> <span class='ocrx_word' id='word_1_36' title='bbox 834 677 970 736; x_wconf 82' lang='lat' dir='ltr'><strong>nocturni</strong></span> <span class='ocrx_word' id='word_1_37' title='bbox 983 677 1119 754; x_wconf 86' lang='lat' dir='ltr'>periculi</span> 
     </span>
     <span class='ocr_line' id='line_1_6' title="bbox 124 760 1144 822; baseline -0.009 0"><span class='ocrx_word' id='word_1_38' title='bbox 124 761 274 822; x_wconf 76' lang='lat' dir='ltr'>memorib.</span> <span class='ocrx_word' id='word_1_39' title='bbox 860 802 867 812; x_wconf 90' lang='lat'><em>.</em></span> <span class='ocrx_word' id='word_1_40' title='bbox 1130 760 1144 798; x_wconf 87' lang='lat'>⁵</span> 
     </span>
    </p>
   </div>
   <div class='ocr_carea' id='block_1_3' title="bbox 76 908 1145 1867">
    <p class='ocr_par' dir='ltr' id='par_1_3' title="bbox 76 908 1145 1625">
     <span class='ocr_line' id='line_1_7' title="bbox 76 908 1106 989; baseline -0.008 -10"><span class='ocrx_word' id='word_1_41' title='bbox 76 923 79 930; x_wconf 83' lang='lat'>&#39;</span> <span class='ocrx_word' id='word_1_42' title='bbox 164 917 308 980; x_wconf 86' lang='lat' dir='ltr'>XLVIII.</span> <span class='ocrx_word' id='word_1_43' title='bbox 332 918 401 986; x_wconf 87' lang='lat' dir='ltr'>Sed,</span> <span class='ocrx_word' id='word_1_44' title='bbox 413 927 480 975; x_wconf 86' lang='lat' dir='ltr'>ante</span> <span class='ocrx_word' id='word_1_45' title='bbox 494 916 592 975; x_wconf 88' lang='lat' dir='ltr'>omnia</span> <span class='ocrx_word' id='word_1_46' title='bbox 605 908 764 974; x_wconf 81' lang='lat' dir='ltr'>obsidionis</span> <span class='ocrx_word' id='word_1_47' title='bbox 778 914 902 989; x_wconf 87' lang='lat' dir='ltr'>bellique</span> <span class='ocrx_word' id='word_1_48' title='bbox 916 915 1003 988; x_wconf 85' lang='lat' dir='ltr'>mala,</span> <span class='ocrx_word' id='word_1_49' title='bbox 1014 914 1106 972; x_wconf 89' lang='lat' dir='ltr'>fames</span> 
     </span>
     <span class='ocr_line' id='line_1_8' title="bbox 124 993 1105 1074; baseline -0.008 -16"><span class='ocrx_word' id='word_1_50' title='bbox 124 1010 277 1074; x_wconf 88' lang='lat' dir='ltr'>utrumque</span> <span class='ocrx_word' id='word_1_51' title='bbox 290 996 451 1055; x_wconf 82' lang='lat' dir='ltr'>exercitum</span> <span class='ocrx_word' id='word_1_52' title='bbox 465 997 588 1073; x_wconf 83' lang='lat' dir='ltr'>urgebat</span> <span class='ocrx_word' id='word_1_53' title='bbox 596 1015 603 1066; x_wconf 92' lang='lat'>;</span> <span class='ocrx_word' id='word_1_54' title='bbox 618 995 717 1053; x_wconf 84' lang='lat' dir='ltr'>Gallos</span> <span class='ocrx_word' id='word_1_55' title='bbox 730 994 895 1070; x_wconf 87' lang='lat' dir='ltr'>pestilentia</span> <span class='ocrx_word' id='word_1_56' title='bbox 905 993 1004 1068; x_wconf 87' lang='lat' dir='ltr'>etiam,</span> <span class='ocrx_word' id='word_1_57' title='bbox 1016 1013 1105 1069; x_wconf 93' lang='lat' dir='ltr'>quum</span> 
     </span>
     <span class='ocr_line' id='line_1_9' title="bbox 124 1073 1105 1155; baseline -0.008 -17"><span class='ocrx_word' id='word_1_58' title='bbox 124 1080 189 1138; x_wconf 89' lang='lat' dir='ltr'>loco</span> <span class='ocrx_word' id='word_1_59' title='bbox 206 1079 322 1155; x_wconf 85' lang='lat' dir='ltr'>jacente</span> <span class='ocrx_word' id='word_1_60' title='bbox 347 1077 422 1133; x_wconf 91' lang='lat' dir='ltr'>inter</span> <span class='ocrx_word' id='word_1_61' title='bbox 446 1076 571 1133; x_wconf 90' lang='lat' dir='ltr'>tumulos</span> <span class='ocrx_word' id='word_1_62' title='bbox 590 1085 685 1132; x_wconf 90' lang='lat' dir='ltr'>castra</span> <span class='ocrx_word' id='word_1_63' title='bbox 707 1075 856 1146; x_wconf 86' lang='lat' dir='ltr'>habentes,</span> <span class='ocrx_word' id='word_1_64' title='bbox 871 1085 934 1131; x_wconf 89' lang='lat' dir='ltr'>tum</span> <span class='ocrx_word' id='word_1_65' title='bbox 954 1073 990 1130; x_wconf 80' lang='lat' dir='ltr'>ab</span> <span class='ocrx_word' id='word_1_66' title='bbox 1004 1073 1105 1130; x_wconf 91' lang='lat' dir='ltr'>incen-</span> 
     </span>
     <span class='ocr_line' id='line_1_10' title="bbox 124 1152 1106 1230; baseline -0.007 -14"><span class='ocrx_word' id='word_1_67' title='bbox 124 1159 181 1216; x_wconf 91' lang='lat' dir='ltr'>diis</span> <span class='ocrx_word' id='word_1_68' title='bbox 201 1156 309 1214; x_wconf 87' lang='lat' dir='ltr'>torrido</span> <span class='ocrx_word' id='word_1_69' title='bbox 330 1165 360 1213; x_wconf 89' lang='lat' dir='ltr'>et</span> <span class='ocrx_word' id='word_1_70' title='bbox 386 1155 498 1230; x_wconf 88' lang='lat' dir='ltr'>vaporis</span> <span class='ocrx_word' id='word_1_71' title='bbox 524 1154 620 1230; x_wconf 88' lang='lat' dir='ltr'>pleno,</span> <span class='ocrx_word' id='word_1_72' title='bbox 647 1153 844 1229; x_wconf 83' lang='lat' dir='ltr'>cineremque,</span> <span class='ocrx_word' id='word_1_73' title='bbox 872 1172 931 1211; x_wconf 93' lang='lat' dir='ltr'>non</span> <span class='ocrx_word' id='word_1_74' title='bbox 957 1152 1106 1228; x_wconf 84' lang='lat' dir='ltr'>pulverem</span> 
     </span>
     <span class='ocr_line' id='line_1_11' title="bbox 125 1231 1145 1310; baseline -0.005 -15"><span class='ocrx_word' id='word_1_75' title='bbox 125 1233 220 1309; x_wconf 74' lang='lat' dir='ltr'>modo,</span> <span class='ocrx_word' id='word_1_76' title='bbox 230 1235 350 1302; x_wconf 87' lang='lat' dir='ltr'>ferente,</span> <span class='ocrx_word' id='word_1_77' title='bbox 361 1253 451 1310; x_wconf 91' lang='lat' dir='ltr'>quum</span> <span class='ocrx_word' id='word_1_78' title='bbox 461 1235 529 1308; x_wconf 90' lang='lat' dir='ltr'>quid</span> <span class='ocrx_word' id='word_1_79' title='bbox 544 1233 622 1290; x_wconf 88' lang='lat' dir='ltr'>venti</span> <span class='ocrx_word' id='word_1_80' title='bbox 636 1244 746 1291; x_wconf 90' lang='lat' dir='ltr'>motum</span> <span class='ocrx_word' id='word_1_81' title='bbox 760 1243 855 1290; x_wconf 88' lang='lat' dir='ltr'>esset:</span> <span class='ocrx_word' id='word_1_82' title='bbox 870 1251 990 1308; x_wconf 88' lang='lat' dir='ltr'>quorum</span> <span class='ocrx_word' id='word_1_83' title='bbox 1005 1231 1108 1290; x_wconf 86' lang='lat' dir='ltr'>intole·</span> <span class='ocrx_word' id='word_1_84' title='bbox 1120 1234 1145 1274; x_wconf 88' lang='lat'>¹⁰</span> 
     </span>
     <span class='ocr_line' id='line_1_12' title="bbox 124 1312 1106 1392; baseline -0.006 -18"><span class='ocrx_word' id='word_1_85' title='bbox 124 1315 289 1374; x_wconf 87' lang='lat' dir='ltr'>rantissima</span> <span class='ocrx_word' id='word_1_86' title='bbox 302 1331 385 1392; x_wconf 79' lang='lat' dir='ltr'>gone,</span> <span class='ocrx_word' id='word_1_87' title='bbox 397 1313 567 1388; x_wconf 88' lang='lat' dir='ltr'>bumorique</span> <span class='ocrx_word' id='word_1_88' title='bbox 579 1331 614 1370; x_wconf 88' lang='lat' dir='ltr'>ac</span> <span class='ocrx_word' id='word_1_89' title='bbox 626 1312 724 1389; x_wconf 83' lang='lat' dir='ltr'>frigori</span> <span class='ocrx_word' id='word_1_90' title='bbox 739 1323 863 1379; x_wconf 83' lang='lat' dir='ltr'>assueta,</span> <span class='ocrx_word' id='word_1_91' title='bbox 878 1331 976 1388; x_wconf 88' lang='lat' dir='ltr'>quum,</span> <span class='ocrx_word' id='word_1_92' title='bbox 992 1321 1063 1368; x_wconf 87' lang='lat' dir='ltr'>aestu</span> <span class='ocrx_word' id='word_1_93' title='bbox 1077 1321 1106 1369; x_wconf 86' lang='lat' dir='ltr'>et</span> 
     </span>
     <span class='ocr_line' id='line_1_13' title="bbox 125 1391 1104 1472; baseline -0.006 -19"><span class='ocrx_word' id='word_1_94' title='bbox 125 1413 235 1472; x_wconf 85' lang='lat' dir='ltr'>angore</span> <span class='ocrx_word' id='word_1_95' title='bbox 257 1403 369 1461; x_wconf 78' lang='lat' dir='ltr'>venata,</span> <span class='ocrx_word' id='word_1_96' title='bbox 383 1391 518 1468; x_wconf 68' lang='lat' dir='ltr'>vulgatis·</span> <span class='ocrx_word' id='word_1_97' title='bbox 529 1392 607 1449; x_wconf 88' lang='lat' dir='ltr'>velut</span> <span class='ocrx_word' id='word_1_98' title='bbox 628 1392 659 1450; x_wconf 93' lang='lat' dir='ltr'>in</span> <span class='ocrx_word' id='word_1_99' title='bbox 683 1411 777 1468; x_wconf 89' lang='lat' dir='ltr'>pecua</span> <span class='ocrx_word' id='word_1_100' title='bbox 796 1391 912 1464; x_wconf 85' lang='lat' dir='ltr'>morbis,</span> <span class='ocrx_word' id='word_1_101' title='bbox 927 1400 1104 1459; x_wconf 81' lang='lat' dir='ltr'>moreretur3</span> 
     </span>
     <span class='ocr_line' id='line_1_14' title="bbox 122 1469 1106 1552; baseline -0.006 -20"><span class='ocrx_word' id='word_1_102' title='bbox 122 1475 183 1552; x_wconf 84' lang='lat' dir='ltr'>jam</span> <span class='ocrx_word' id='word_1_103' title='bbox 197 1473 314 1550; x_wconf 74' lang='lat' dir='ltr'>pigritia</span> <span class='ocrx_word' id='word_1_104' title='bbox 328 1471 458 1548; x_wconf 84' lang='lat' dir='ltr'>siugulos</span> <span class='ocrx_word' id='word_1_105' title='bbox 472 1471 642 1547; x_wconf 85' lang='lat' dir='ltr'>sepeliendi,</span> <span class='ocrx_word' id='word_1_106' title='bbox 664 1469 827 1546; x_wconf 69' lang='lat' dir='ltr'>promiscue</span> <span class='ocrx_word' id='word_1_107' title='bbox 843 1481 991 1530; x_wconf 88' lang='lat' dir='ltr'>acervatos</span> <span class='ocrx_word' id='word_1_108' title='bbox 1005 1488 1106 1527; x_wconf 91' lang='lat' dir='ltr'>cumu-</span> 
     </span>
     <span class='ocr_line' id='line_1_15' title="bbox 125 1549 1106 1625; baseline -0.006 -13"><span class='ocrx_word' id='word_1_109' title='bbox 125 1553 167 1613; x_wconf 92' lang='lat' dir='ltr'>los</span> <span class='ocrx_word' id='word_1_110' title='bbox 179 1553 333 1612; x_wconf 88' lang='lat' dir='ltr'>hominum</span> <span class='ocrx_word' id='word_1_111' title='bbox 348 1551 470 1609; x_wconf 88' lang='lat' dir='ltr'>urebant</span> <span class='ocrx_word' id='word_1_112' title='bbox 482 1571 490 1620; x_wconf 81' lang='lat'>3</span> <span class='ocrx_word' id='word_1_113' title='bbox 512 1551 723 1625; x_wconf 87' lang='lat' dir='ltr'>Bustorumque</span> <span class='ocrx_word' id='word_1_114' title='bbox 738 1551 807 1608; x_wconf 91' lang='lat' dir='ltr'>inde</span> <span class='ocrx_word' id='word_1_115' title='bbox 821 1551 999 1616; x_wconf 87' lang='lat' dir='ltr'>Gallicorum</span> <span class='ocrx_word' id='word_1_116' title='bbox 1014 1549 1106 1607; x_wconf 91' lang='lat' dir='ltr'>nomi·</span> 
     </span>
    </p>

    <p class='ocr_par' dir='ltr' id='par_1_4' title="bbox 108 1629 1145 1867">
     <span class='ocr_line' id='line_1_16' title="bbox 108 1629 1145 1709; baseline -0.005 -18"><span class='ocrx_word' id='word_1_117' title='bbox 108 1687 110 1691; x_wconf 79' lang='grc'>,</span> <span class='ocrx_word' id='word_1_118' title='bbox 125 1652 163 1691; x_wconf 93' lang='lat' dir='ltr'>ne</span> <span class='ocrx_word' id='word_1_119' title='bbox 174 1633 320 1709; x_wconf 85' lang='lat' dir='ltr'>insignem</span> <span class='ocrx_word' id='word_1_120' title='bbox 333 1630 431 1689; x_wconf 89' lang='lat' dir='ltr'>locum</span> <span class='ocrx_word' id='word_1_121' title='bbox 445 1629 550 1688; x_wconf 70' lang='lat' dir='ltr'>fecere.</span> <span class='ocrx_word' id='word_1_122' title='bbox 592 1629 724 1687; x_wconf 82' lang='lat' dir='ltr'>Induciae</span> <span class='ocrx_word' id='word_1_123' title='bbox 739 1630 845 1687; x_wconf 88' lang='lat' dir='ltr'>deinde</span> <span class='ocrx_word' id='word_1_124' title='bbox 870 1649 938 1687; x_wconf 90' lang='lat' dir='ltr'>cum</span> <span class='ocrx_word' id='word_1_125' title='bbox 962 1629 1107 1687; x_wconf 89' lang='lat' dir='ltr'>Romanis</span> <span class='ocrx_word' id='word_1_126' title='bbox 1120 1633 1145 1672; x_wconf 79' lang='lat'>¹⁵</span> 
     </span>
     <span class='ocr_line' id='line_1_17' title="bbox 126 1708 1106 1785; baseline -0.005 -15"><span class='ocrx_word' id='word_1_127' title='bbox 126 1711 220 1780; x_wconf 74' lang='lat' dir='ltr'>factae,</span> <span class='ocrx_word' id='word_1_128' title='bbox 234 1721 265 1768; x_wconf 89' lang='lat' dir='ltr'>et</span> <span class='ocrx_word' id='word_1_129' title='bbox 277 1709 419 1785; x_wconf 90' lang='lat' dir='ltr'>colloquia</span> <span class='ocrx_word' id='word_1_130' title='bbox 438 1709 579 1785; x_wconf 88' lang='lat' dir='ltr'>permissu</span> <span class='ocrx_word' id='word_1_131' title='bbox 600 1709 804 1785; x_wconf 84' lang='lat' dir='ltr'>imperatorum</span> <span class='ocrx_word' id='word_1_132' title='bbox 819 1708 935 1766; x_wconf 91' lang='lat' dir='ltr'>habita:</span> <span class='ocrx_word' id='word_1_133' title='bbox 957 1709 987 1767; x_wconf 91' lang='lat' dir='ltr'>in</span> <span class='ocrx_word' id='word_1_134' title='bbox 1002 1708 1106 1784; x_wconf 91' lang='lat' dir='ltr'>quibus</span> 
     </span>
     <span class='ocr_line' id='line_1_18' title="bbox 125 1785 1106 1867; baseline -0.004 -18"><span class='ocrx_word' id='word_1_135' title='bbox 125 1811 214 1867; x_wconf 94' lang='lat' dir='ltr'>quum</span> <span class='ocrx_word' id='word_1_136' title='bbox 239 1789 398 1848; x_wconf 89' lang='lat' dir='ltr'>identidem</span> <span class='ocrx_word' id='word_1_137' title='bbox 422 1788 499 1848; x_wconf 87' lang='lat' dir='ltr'>Galli</span> <span class='ocrx_word' id='word_1_138' title='bbox 513 1785 619 1846; x_wconf 87' lang='lat' dir='ltr'>famem</span> <span class='ocrx_word' id='word_1_139' title='bbox 640 1789 810 1865; x_wconf 85' lang='lat' dir='ltr'>objicerent,</span> <span class='ocrx_word' id='word_1_140' title='bbox 825 1789 917 1863; x_wconf 68' lang='lat' dir='ltr'>eaque</span> <span class='ocrx_word' id='word_1_141' title='bbox 931 1787 1106 1846; x_wconf 85' lang='lat' dir='ltr'>necessitate</span> 
     </span>
    </p>
   </div>
   <div class='ocr_carea' id='block_1_4' title="bbox 24 1866 1106 1944">
    <p class='ocr_par' dir='ltr' id='par_1_5' title="bbox 24 1866 1106 1944">
     <span class='ocr_line' id='line_1_19' title="bbox 24 1866 1106 1944; baseline -0.006 -14"><span class='ocrx_word' id='word_1_142' title='bbox 24 1883 28 1893; x_wconf 83' lang='lat'><strong><em>¹</em></strong></span> <span class='ocrx_word' id='word_1_143' title='bbox 126 1871 164 1930; x_wconf 89' lang='lat' dir='ltr'>ad</span> <span class='ocrx_word' id='word_1_144' title='bbox 178 1870 356 1928; x_wconf 88' lang='lat' dir='ltr'>deditionem</span> <span class='ocrx_word' id='word_1_145' title='bbox 371 1877 517 1935; x_wconf 85' lang='lat' dir='ltr'>vocarent,</span> <span class='ocrx_word' id='word_1_146' title='bbox 540 1868 656 1936; x_wconf 90' lang='lat' dir='ltr'>dicitur,</span> <span class='ocrx_word' id='word_1_147' title='bbox 685 1868 849 1926; x_wconf 80' lang='lat' dir='ltr'>avertendae</span> <span class='ocrx_word' id='word_1_148' title='bbox 874 1868 937 1944; x_wconf 89' lang='lat' dir='ltr'>ejus</span> <span class='ocrx_word' id='word_1_149' title='bbox 960 1866 1106 1943; x_wconf 86' lang='lat' dir='ltr'>opinionis</span> 
     </span>
    </p>
   </div>
   <div class='ocr_carea' id='block_1_5' title="bbox 81 1945 1155 3614">
    <p class='ocr_par' dir='ltr' id='par_1_6' title="bbox 81 1945 1155 3614">
     <span class='ocr_line' id='line_1_20' title="bbox 126 1945 1108 2024; baseline -0.005 -17"><span class='ocrx_word' id='word_1_150' title='bbox 126 1950 227 2018; x_wconf 75' lang='lat' dir='ltr'>causd,</span> <span class='ocrx_word' id='word_1_151' title='bbox 241 1948 339 2006; x_wconf 86' lang='lat' dir='ltr'>multis</span> <span class='ocrx_word' id='word_1_152' title='bbox 353 1948 424 2006; x_wconf 83' lang='lat' dir='ltr'>locis</span> <span class='ocrx_word' id='word_1_153' title='bbox 445 1945 528 2022; x_wconf 90' lang='lat' dir='ltr'>panis</span> <span class='ocrx_word' id='word_1_154' title='bbox 549 1947 585 2003; x_wconf 89' lang='lat' dir='ltr'>de</span> <span class='ocrx_word' id='word_1_155' title='bbox 608 1947 751 2022; x_wconf 79' lang='lat' dir='ltr'>Capitolio</span> <span class='ocrx_word' id='word_1_156' title='bbox 766 1948 892 2024; x_wconf 87' lang='lat' dir='ltr'>jactatus</span> <span class='ocrx_word' id='word_1_157' title='bbox 915 1965 978 2004; x_wconf 90' lang='lat' dir='ltr'>esse</span> <span class='ocrx_word' id='word_1_158' title='bbox 997 1945 1027 2003; x_wconf 93' lang='lat' dir='ltr'>in</span> <span class='ocrx_word' id='word_1_159' title='bbox 1041 1946 1108 2003; x_wconf 89' lang='lat' dir='ltr'>hos·</span> 
     </span>
     <span class='ocr_line' id='line_1_21' title="bbox 81 2025 1151 2102; baseline -0.005 -16"><span class='ocrx_word' id='word_1_160' title='bbox 81 2077 84 2080; x_wconf 94' lang='lat'>.</span> <span class='ocrx_word' id='word_1_161' title='bbox 126 2029 198 2086; x_wconf 91' lang='lat' dir='ltr'>tium</span> <span class='ocrx_word' id='word_1_162' title='bbox 213 2028 360 2086; x_wconf 85' lang='lat' dir='ltr'>stationes.</span> <span class='ocrx_word' id='word_1_163' title='bbox 402 2026 461 2084; x_wconf 85' lang='lat' dir='ltr'>Sed</span> <span class='ocrx_word' id='word_1_164' title='bbox 473 2026 533 2102; x_wconf 89' lang='lat' dir='ltr'>jam</span> <span class='ocrx_word' id='word_1_165' title='bbox 547 2045 641 2101; x_wconf 89' lang='lat' dir='ltr'>neque</span> <span class='ocrx_word' id='word_1_166' title='bbox 655 2027 829 2084; x_wconf 87' lang='lat' dir='ltr'>dissimulari</span> <span class='ocrx_word' id='word_1_167' title='bbox 843 2027 936 2100; x_wconf 88' lang='lat' dir='ltr'>neque</span> <span class='ocrx_word' id='word_1_168' title='bbox 951 2025 1019 2082; x_wconf 86' lang='lat' dir='ltr'>ferri</span> <span class='ocrx_word' id='word_1_169' title='bbox 1033 2025 1108 2082; x_wconf 74' lang='lat' dir='ltr'>ultrd</span> <span class='ocrx_word' id='word_1_170' title='bbox 1119 2036 1151 2076; x_wconf 73' lang='lat'>2⁰</span> 
     </span>
     <span class='ocr_line' id='line_1_22' title="bbox 128 2104 1107 2181; baseline -0.004 -16"><span class='ocrx_word' id='word_1_171' title='bbox 128 2107 220 2165; x_wconf 90' lang='lat' dir='ltr'>sames</span> <span class='ocrx_word' id='word_1_172' title='bbox 238 2115 357 2181; x_wconf 89' lang='lat' dir='ltr'>poterat.</span> <span class='ocrx_word' id='word_1_173' title='bbox 409 2105 521 2179; x_wconf 86' lang='lat' dir='ltr'>Itaque,</span> <span class='ocrx_word' id='word_1_174' title='bbox 546 2106 615 2163; x_wconf 92' lang='lat' dir='ltr'>dum</span> <span class='ocrx_word' id='word_1_175' title='bbox 637 2106 759 2164; x_wconf 90' lang='lat' dir='ltr'>dictator</span> <span class='ocrx_word' id='word_1_176' title='bbox 781 2107 927 2164; x_wconf 87' lang='lat' dir='ltr'>delectum</span> <span class='ocrx_word' id='word_1_177' title='bbox 941 2124 992 2181; x_wconf 90' lang='lat' dir='ltr'>per</span> <span class='ocrx_word' id='word_1_178' title='bbox 1006 2123 1037 2161; x_wconf 88' lang='lat' dir='ltr'>se</span> <span class='ocrx_word' id='word_1_179' title='bbox 1052 2104 1107 2162; x_wconf 92' lang='lat' dir='ltr'>Ar-</span> 
     </span>
     <span class='ocr_line' id='line_1_23' title="bbox 129 2183 1108 2261; baseline -0.004 -17"><span class='ocrx_word' id='word_1_180' title='bbox 129 2187 191 2244; x_wconf 88' lang='lat' dir='ltr'>deae</span> <span class='ocrx_word' id='word_1_181' title='bbox 204 2185 302 2252; x_wconf 82' lang='lat' dir='ltr'>habet,</span> <span class='ocrx_word' id='word_1_182' title='bbox 317 2183 485 2260; x_wconf 86' lang='lat' dir='ltr'>magistrum</span> <span class='ocrx_word' id='word_1_183' title='bbox 498 2184 626 2258; x_wconf 88' lang='lat' dir='ltr'>equitum</span> <span class='ocrx_word' id='word_1_184' title='bbox 641 2185 675 2242; x_wconf 94' lang='lat' dir='ltr'>L.</span> <span class='ocrx_word' id='word_1_185' title='bbox 691 2185 840 2243; x_wconf 88' lang='lat' dir='ltr'>Valerium</span> <span class='ocrx_word' id='word_1_186' title='bbox 856 2205 872 2242; x_wconf 90' lang='lat' dir='ltr'>a</span> <span class='ocrx_word' id='word_1_187' title='bbox 887 2185 967 2261; x_wconf 89' lang='lat' dir='ltr'>Vejis</span> <span class='ocrx_word' id='word_1_188' title='bbox 982 2184 1108 2241; x_wconf 91' lang='lat' dir='ltr'>abduce-</span> 
     </span>
     <span class='ocr_line' id='line_1_24' title="bbox 129 2263 1108 2340; baseline -0.005 -16"><span class='ocrx_word' id='word_1_189' title='bbox 129 2286 160 2324; x_wconf 91' lang='lat' dir='ltr'>re</span> <span class='ocrx_word' id='word_1_190' title='bbox 173 2264 334 2323; x_wconf 81' lang='lat' dir='ltr'>exercitum</span> <span class='ocrx_word' id='word_1_191' title='bbox 354 2263 455 2339; x_wconf 89' lang='lat' dir='ltr'>jubet;</span> <span class='ocrx_word' id='word_1_192' title='bbox 476 2273 568 2339; x_wconf 76' lang='lat' dir='ltr'>pacat,</span> <span class='ocrx_word' id='word_1_193' title='bbox 593 2265 775 2340; x_wconf 85' lang='lat' dir='ltr'>instruitque,</span> <span class='ocrx_word' id='word_1_194' title='bbox 797 2266 901 2340; x_wconf 90' lang='lat' dir='ltr'>quibus</span> <span class='ocrx_word' id='word_1_195' title='bbox 923 2263 1000 2320; x_wconf 88' lang='lat' dir='ltr'>haud</span> <span class='ocrx_word' id='word_1_196' title='bbox 1015 2263 1108 2338; x_wconf 87' lang='lat' dir='ltr'>impar</span> 
     </span>
     <span class='ocr_line' id='line_1_25' title="bbox 129 2342 1110 2419; baseline -0.003 -17"><span class='ocrx_word' id='word_1_197' title='bbox 129 2345 275 2403; x_wconf 81' lang='lat' dir='ltr'>adoriatur</span> <span class='ocrx_word' id='word_1_198' title='bbox 288 2344 402 2401; x_wconf 85' lang='lat' dir='ltr'>hostes:</span> <span class='ocrx_word' id='word_1_199' title='bbox 424 2343 538 2400; x_wconf 87' lang='lat' dir='ltr'>interim</span> <span class='ocrx_word' id='word_1_200' title='bbox 565 2343 755 2419; x_wconf 80' lang='lat' dir='ltr'>Capitolinus,</span> <span class='ocrx_word' id='word_1_201' title='bbox 770 2345 924 2415; x_wconf 64' lang='lat' dir='ltr'>exercitus</span> <span class='ocrx_word' id='word_1_202' title='bbox 938 2342 1110 2400; x_wconf 85' lang='lat' dir='ltr'>stationibus</span> 
     </span>
     <span class='ocr_line' id='line_1_26' title="bbox 129 2421 1147 2503; baseline 0.002 -23"><span class='ocrx_word' id='word_1_203' title='bbox 129 2423 290 2503; x_wconf 84' lang='lat' dir='ltr'>vigiliisque</span> <span class='ocrx_word' id='word_1_204' title='bbox 305 2422 407 2490; x_wconf 85' lang='lat' dir='ltr'>fessus,</span> <span class='ocrx_word' id='word_1_205' title='bbox 429 2423 570 2498; x_wconf 92' lang='lat' dir='ltr'>superatis</span> <span class='ocrx_word' id='word_1_206' title='bbox 593 2432 690 2480; x_wconf 87' lang='lat' dir='ltr'>tamen</span> <span class='ocrx_word' id='word_1_207' title='bbox 713 2423 847 2481; x_wconf 90' lang='lat' dir='ltr'>humanis</span> <span class='ocrx_word' id='word_1_208' title='bbox 860 2421 1109 2495; x_wconf 54' lang='lat' dir='ltr'>omnibus‘malis,</span> <span class='ocrx_word' id='word_1_209' title='bbox 1120 2441 1147 2482; x_wconf 78' lang='lat' dir='ltr'>es</span> 
     </span>
     <span class='ocr_line' id='line_1_27' title="bbox 129 2501 1155 2580; baseline -0.003 -19"><span class='ocrx_word' id='word_1_210' title='bbox 129 2523 218 2580; x_wconf 88' lang='lat' dir='ltr'>quum</span> <span class='ocrx_word' id='word_1_211' title='bbox 233 2503 338 2574; x_wconf 86' lang='lat' dir='ltr'>famem</span> <span class='ocrx_word' id='word_1_212' title='bbox 357 2521 446 2560; x_wconf 85' lang='lat' dir='ltr'>uuam</span> <span class='ocrx_word' id='word_1_213' title='bbox 466 2512 571 2560; x_wconf 86' lang='lat' dir='ltr'>natura</span> <span class='ocrx_word' id='word_1_214' title='bbox 584 2501 661 2559; x_wconf 91' lang='lat' dir='ltr'>vinci</span> <span class='ocrx_word' id='word_1_215' title='bbox 683 2522 741 2560; x_wconf 92' lang='lat' dir='ltr'>non</span> <span class='ocrx_word' id='word_1_216' title='bbox 766 2503 884 2575; x_wconf 89' lang='lat' dir='ltr'>sineret,</span> <span class='ocrx_word' id='word_1_217' title='bbox 905 2502 983 2559; x_wconf 92' lang='lat' dir='ltr'>diem</span> <span class='ocrx_word' id='word_1_218' title='bbox 1004 2502 1040 2558; x_wconf 97' lang='lat' dir='ltr'>de</span> <span class='ocrx_word' id='word_1_219' title='bbox 1061 2501 1109 2559; x_wconf 88' lang='lat' dir='ltr'>die</span> <span class='ocrx_word' id='word_1_220' title='bbox 1153 2549 1155 2552; x_wconf 95' lang='lat'>.</span> 
     </span>
     <span class='ocr_line' id='line_1_28' title="bbox 129 2581 1110 2662; baseline -0.006 -19"><span class='ocrx_word' id='word_1_221' title='bbox 129 2594 326 2662; x_wconf 82' lang='lat' dir='ltr'>prospectans,</span> <span class='ocrx_word' id='word_1_222' title='bbox 340 2583 451 2658; x_wconf 87' lang='lat' dir='ltr'>ecquod</span> <span class='ocrx_word' id='word_1_223' title='bbox 475 2581 613 2639; x_wconf 85' lang='lat' dir='ltr'>auxilium</span> <span class='ocrx_word' id='word_1_224' title='bbox 638 2582 675 2638; x_wconf 90' lang='lat' dir='ltr'>ab</span> <span class='ocrx_word' id='word_1_225' title='bbox 698 2583 839 2640; x_wconf 79' lang='lat' dir='ltr'>dictatore</span> <span class='ocrx_word' id='word_1_226' title='bbox 858 2591 1025 2658; x_wconf 87' lang='lat' dir='ltr'>appareret;</span> <span class='ocrx_word' id='word_1_227' title='bbox 1046 2599 1110 2656; x_wconf 87' lang='lat' dir='ltr'>pos·</span> 
     </span>
     <span class='ocr_line' id='line_1_29' title="bbox 130 2659 1109 2739; baseline -0.007 -16"><span class='ocrx_word' id='word_1_228' title='bbox 130 2662 223 2723; x_wconf 85' lang='lat' dir='ltr'>tremd</span> <span class='ocrx_word' id='word_1_229' title='bbox 238 2683 288 2739; x_wconf 91' lang='lat' dir='ltr'>spe</span> <span class='ocrx_word' id='word_1_230' title='bbox 302 2682 414 2739; x_wconf 90' lang='lat' dir='ltr'>quoque</span> <span class='ocrx_word' id='word_1_231' title='bbox 432 2662 502 2738; x_wconf 89' lang='lat' dir='ltr'>jam,</span> <span class='ocrx_word' id='word_1_232' title='bbox 517 2681 575 2718; x_wconf 92' lang='lat' dir='ltr'>non</span> <span class='ocrx_word' id='word_1_233' title='bbox 590 2659 680 2719; x_wconf 81' lang='lat' dir='ltr'>sobinr</span> <span class='ocrx_word' id='word_1_234' title='bbox 694 2662 771 2730; x_wconf 88' lang='lat' dir='ltr'>cibo,</span> <span class='ocrx_word' id='word_1_235' title='bbox 786 2661 953 2734; x_wconf 86' lang='lat' dir='ltr'>deficiente,</span> <span class='ocrx_word' id='word_1_236' title='bbox 967 2671 1006 2734; x_wconf 88' lang='lat' dir='ltr'>et,</span> <span class='ocrx_word' id='word_1_237' title='bbox 1020 2678 1109 2736; x_wconf 91' lang='lat' dir='ltr'>quum</span> 
     </span>
     <span class='ocr_line' id='line_1_30' title="bbox 129 2739 1110 2818; baseline -0.006 -16"><span class='ocrx_word' id='word_1_238' title='bbox 129 2745 268 2803; x_wconf 87' lang='lat' dir='ltr'>stationes</span> <span class='ocrx_word' id='word_1_239' title='bbox 291 2743 500 2818; x_wconf 52' lang='lat' dir='ltr'>procederent„</span> <span class='ocrx_word' id='word_1_240' title='bbox 513 2739 602 2817; x_wconf 71' lang='lat' dir='ltr'>prope</span> <span class='ocrx_word' id='word_1_241' title='bbox 626 2741 817 2800; x_wconf 88' lang='lat' dir='ltr'>obruentibus</span> <span class='ocrx_word' id='word_1_242' title='bbox 836 2741 982 2798; x_wconf 83' lang='lat' dir='ltr'>infirmum</span> <span class='ocrx_word' id='word_1_243' title='bbox 1004 2755 1110 2814; x_wconf 88' lang='lat' dir='ltr'>corpus</span> 
     </span>
     <span class='ocr_line' id='line_1_31' title="bbox 131 2821 1148 2896; baseline -0.004 -16"><span class='ocrx_word' id='word_1_244' title='bbox 131 2823 229 2894; x_wconf 83' lang='lat' dir='ltr'>armis,</span> <span class='ocrx_word' id='word_1_245' title='bbox 243 2822 287 2879; x_wconf 91' lang='lat' dir='ltr'>vel</span> <span class='ocrx_word' id='word_1_246' title='bbox 302 2821 380 2888; x_wconf 91' lang='lat' dir='ltr'>dedi,</span> <span class='ocrx_word' id='word_1_247' title='bbox 395 2822 440 2878; x_wconf 91' lang='lat' dir='ltr'>vel</span> <span class='ocrx_word' id='word_1_248' title='bbox 460 2821 563 2878; x_wconf 88' lang='lat' dir='ltr'>redimi</span> <span class='ocrx_word' id='word_1_249' title='bbox 578 2839 619 2893; x_wconf 88' lang='lat' dir='ltr'>se,</span> <span class='ocrx_word' id='word_1_250' title='bbox 638 2821 821 2895; x_wconf 74' lang='lat' dir='ltr'>qudcumque</span> <span class='ocrx_word' id='word_1_251' title='bbox 836 2821 967 2896; x_wconf 87' lang='lat' dir='ltr'>pectione</span> <span class='ocrx_word' id='word_1_252' title='bbox 981 2825 1148 2894; x_wconf 77' lang='lat' dir='ltr'>poesent;ao</span> 
     </span>
     <span class='ocr_line' id='line_1_32' title="bbox 128 2898 1112 2978; baseline -0.006 -19"><span class='ocrx_word' id='word_1_253' title='bbox 128 2901 214 2978; x_wconf 88' lang='lat' dir='ltr'>jussit</span> <span class='ocrx_word' id='word_1_254' title='bbox 225 2920 233 2968; x_wconf 79' lang='lat'><em>3</em></span> <span class='ocrx_word' id='word_1_255' title='bbox 250 2899 428 2976; x_wconf 88' lang='lat' dir='ltr'>jactantibus</span> <span class='ocrx_word' id='word_1_256' title='bbox 441 2919 499 2957; x_wconf 91' lang='lat' dir='ltr'>non</span> <span class='ocrx_word' id='word_1_257' title='bbox 514 2899 635 2958; x_wconf 70' lang='lat' dir='ltr'>obscure</span> <span class='ocrx_word' id='word_1_258' title='bbox 649 2901 752 2967; x_wconf 81' lang='lat' dir='ltr'>Gallie,</span> <span class='ocrx_word' id='word_1_259' title='bbox 765 2901 842 2957; x_wconf 92' lang='lat' dir='ltr'>haud</span> <span class='ocrx_word' id='word_1_260' title='bbox 855 2900 960 2974; x_wconf 70' lang='lat' dir='ltr'>magud</span> <span class='ocrx_word' id='word_1_261' title='bbox 973 2898 1112 2954; x_wconf 88' lang='lat' dir='ltr'>mercede</span> 
     </span>
     <span class='ocr_line' id='line_1_33' title="bbox 130 2977 1112 3055; baseline -0.004 -18"><span class='ocrx_word' id='word_1_262' title='bbox 130 2999 162 3038; x_wconf 89' lang='lat' dir='ltr'>se</span> <span class='ocrx_word' id='word_1_263' title='bbox 176 2978 283 3037; x_wconf 87' lang='lat' dir='ltr'>adduci</span> <span class='ocrx_word' id='word_1_264' title='bbox 306 2997 398 3054; x_wconf 85' lang='lat' dir='ltr'>posse,</span> <span class='ocrx_word' id='word_1_265' title='bbox 413 2989 446 3037; x_wconf 92' lang='lat' dir='ltr'>ut</span> <span class='ocrx_word' id='word_1_266' title='bbox 468 2979 648 3038; x_wconf 90' lang='lat' dir='ltr'>obsidionem</span> <span class='ocrx_word' id='word_1_267' title='bbox 668 2980 842 3055; x_wconf 83' lang='lat' dir='ltr'>relinquant</span> <span class='ocrx_word' id='word_1_268' title='bbox 891 2977 972 3036; x_wconf 89' lang='lat' dir='ltr'>Tum</span> <span class='ocrx_word' id='word_1_269' title='bbox 993 2989 1112 3034; x_wconf 87' lang='lat' dir='ltr'>senatus</span> 
     </span>
     <span class='ocr_line' id='line_1_34' title="bbox 131 3056 1112 3136; baseline -0.006 -17"><span class='ocrx_word' id='word_1_270' title='bbox 131 3059 254 3131; x_wconf 84' lang='lat' dir='ltr'>habitus,</span> <span class='ocrx_word' id='word_1_271' title='bbox 279 3056 459 3134; x_wconf 79' lang='lat' dir='ltr'>tribunisque</span> <span class='ocrx_word' id='word_1_272' title='bbox 483 3058 607 3116; x_wconf 90' lang='lat' dir='ltr'>militum</span> <span class='ocrx_word' id='word_1_273' title='bbox 629 3059 777 3136; x_wconf 84' lang='lat' dir='ltr'>negotium</span> <span class='ocrx_word' id='word_1_274' title='bbox 802 3060 911 3126; x_wconf 88' lang='lat' dir='ltr'>datum,</span> <span class='ocrx_word' id='word_1_275' title='bbox 926 3067 959 3115; x_wconf 90' lang='lat' dir='ltr'>ut</span> <span class='ocrx_word' id='word_1_276' title='bbox 980 3056 1112 3132; x_wconf 86' lang='lat' dir='ltr'>pacisce·</span> 
     </span>
     <span class='ocr_line' id='line_1_35' title="bbox 131 3135 1112 3214; baseline -0.005 -17"><span class='ocrx_word' id='word_1_277' title='bbox 131 3147 239 3208; x_wconf 74' lang='lat' dir='ltr'>rentur.</span> <span class='ocrx_word' id='word_1_278' title='bbox 299 3135 374 3195; x_wconf 90' lang='lat' dir='ltr'>Inde</span> <span class='ocrx_word' id='word_1_279' title='bbox 401 3137 476 3196; x_wconf 86' lang='lat' dir='ltr'>inter</span> <span class='ocrx_word' id='word_1_280' title='bbox 502 3137 543 3199; x_wconf 79' lang='lat' dir='ltr'>Q.</span> <span class='ocrx_word' id='word_1_281' title='bbox 566 3139 728 3214; x_wconf 87' lang='lat' dir='ltr'>Sulpicium</span> <span class='ocrx_word' id='word_1_282' title='bbox 755 3139 904 3197; x_wconf 88' lang='lat' dir='ltr'>tribunum</span> <span class='ocrx_word' id='word_1_283' title='bbox 931 3136 1055 3208; x_wconf 88' lang='lat' dir='ltr'>militum</span> <span class='ocrx_word' id='word_1_284' title='bbox 1082 3145 1112 3192; x_wconf 91' lang='lat' dir='ltr'>et</span> 
     </span>
     <span class='ocr_line' id='line_1_36' title="bbox 131 3217 1148 3294; baseline -0.005 -18"><span class='ocrx_word' id='word_1_285' title='bbox 131 3217 281 3276; x_wconf 91' lang='lat' dir='ltr'>Brennum</span> <span class='ocrx_word' id='word_1_286' title='bbox 302 3218 433 3294; x_wconf 85' lang='lat' dir='ltr'>regulum</span> <span class='ocrx_word' id='word_1_287' title='bbox 457 3217 606 3290; x_wconf 87' lang='lat' dir='ltr'>Gallorum</span> <span class='ocrx_word' id='word_1_288' title='bbox 621 3218 763 3294; x_wconf 91' lang='lat' dir='ltr'>colloquio</span> <span class='ocrx_word' id='word_1_289' title='bbox 777 3229 923 3276; x_wconf 85' lang='lat' dir='ltr'>transacta</span> <span class='ocrx_word' id='word_1_290' title='bbox 936 3236 982 3274; x_wconf 85' lang='lat' dir='ltr'>res</span> <span class='ocrx_word' id='word_1_291' title='bbox 995 3225 1059 3284; x_wconf 82' lang='lat' dir='ltr'>est3</span> <span class='ocrx_word' id='word_1_292' title='bbox 1082 3223 1112 3272; x_wconf 90' lang='lat' dir='ltr'>et</span> <span class='ocrx_word' id='word_1_293' title='bbox 1121 3231 1148 3272; x_wconf 79' lang='lat' dir='ltr'>aa</span> 
     </span>
     <span class='ocr_line' id='line_1_37' title="bbox 131 3293 1111 3376; baseline -0.005 -20"><span class='ocrx_word' id='word_1_294' title='bbox 131 3297 211 3356; x_wconf 89' lang='lat' dir='ltr'>mille</span> <span class='ocrx_word' id='word_1_295' title='bbox 234 3297 330 3372; x_wconf 89' lang='lat' dir='ltr'>pondo</span> <span class='ocrx_word' id='word_1_296' title='bbox 351 3297 413 3355; x_wconf 90' lang='lat' dir='ltr'>auri</span> <span class='ocrx_word' id='word_1_297' title='bbox 436 3297 561 3373; x_wconf 90' lang='lat' dir='ltr'>pretium</span> <span class='ocrx_word' id='word_1_298' title='bbox 584 3297 682 3373; x_wconf 90' lang='lat' dir='ltr'>populi</span> <span class='ocrx_word' id='word_1_299' title='bbox 706 3299 843 3376; x_wconf 82' lang='lat' dir='ltr'>gentibus</span> <span class='ocrx_word' id='word_1_300' title='bbox 863 3317 931 3356; x_wconf 81' lang='lat' dir='ltr'>mox</span> <span class='ocrx_word' id='word_1_301' title='bbox 944 3293 1111 3372; x_wconf 88' lang='lat' dir='ltr'>imperaturi</span> 
     </span>
     <span class='ocr_line' id='line_1_38' title="bbox 132 3375 1110 3454; baseline -0.006 -18"><span class='ocrx_word' id='word_1_302' title='bbox 132 3377 248 3436; x_wconf 86' lang='lat' dir='ltr'>lactum.</span> <span class='ocrx_word' id='word_1_303' title='bbox 291 3375 360 3450; x_wconf 82' lang='lat' dir='ltr'>Rei,</span> <span class='ocrx_word' id='word_1_304' title='bbox 388 3376 554 3435; x_wconf 82' lang='lat' dir='ltr'>foedissimae</span> <span class='ocrx_word' id='word_1_305' title='bbox 579 3394 631 3452; x_wconf 91' lang='lat' dir='ltr'>per</span> <span class='ocrx_word' id='word_1_306' title='bbox 658 3391 699 3445; x_wconf 84' lang='lat' dir='ltr'>se,</span> <span class='ocrx_word' id='word_1_307' title='bbox 727 3377 842 3454; x_wconf 79' lang='lat' dir='ltr'>adjecta</span> <span class='ocrx_word' id='word_1_308' title='bbox 868 3377 1026 3454; x_wconf 82' lang='lat' dir='ltr'>indignitas</span> <span class='ocrx_word' id='word_1_309' title='bbox 1047 3384 1110 3432; x_wconf 91' lang='lat' dir='ltr'>est:</span> 
     </span>
     <span class='ocr_line' id='line_1_39' title="bbox 131 3453 1114 3536; baseline -0.004 -22"><span class='ocrx_word' id='word_1_310' title='bbox 131 3457 260 3536; x_wconf 88' lang='lat' dir='ltr'>pondera</span> <span class='ocrx_word' id='word_1_311' title='bbox 273 3455 310 3513; x_wconf 91' lang='lat' dir='ltr'>ab</span> <span class='ocrx_word' id='word_1_312' title='bbox 323 3455 415 3514; x_wconf 87' lang='lat' dir='ltr'>Gallis</span> <span class='ocrx_word' id='word_1_313' title='bbox 439 3456 526 3514; x_wconf 89' lang='lat' dir='ltr'>allata</span> <span class='ocrx_word' id='word_1_314' title='bbox 545 3455 654 3532; x_wconf 87' lang='lat' dir='ltr'>iniqua,</span> <span class='ocrx_word' id='word_1_315' title='bbox 669 3467 708 3530; x_wconf 88' lang='lat' dir='ltr'>et,</span> <span class='ocrx_word' id='word_1_316' title='bbox 723 3457 839 3516; x_wconf 88' lang='lat' dir='ltr'>tribuno</span> <span class='ocrx_word' id='word_1_317' title='bbox 853 3467 1017 3529; x_wconf 84' lang='lat' dir='ltr'>recusante,</span> <span class='ocrx_word' id='word_1_318' title='bbox 1032 3453 1114 3511; x_wconf 90' lang='lat' dir='ltr'>addi·</span> 
     </span>
     <span class='ocr_line' id='line_1_40' title="bbox 130 3532 1113 3614; baseline -0.006 -17"><span class='ocrx_word' id='word_1_319' title='bbox 130 3549 177 3597; x_wconf 89' lang='lat' dir='ltr'>tus</span> <span class='ocrx_word' id='word_1_320' title='bbox 201 3537 238 3596; x_wconf 94' lang='lat' dir='ltr'>ab</span> <span class='ocrx_word' id='word_1_321' title='bbox 259 3534 402 3596; x_wconf 86' lang='lat' dir='ltr'>insolente</span> <span class='ocrx_word' id='word_1_322' title='bbox 429 3536 514 3594; x_wconf 91' lang='lat' dir='ltr'>Gallo</span> <span class='ocrx_word' id='word_1_323' title='bbox 538 3536 659 3611; x_wconf 87' lang='lat' dir='ltr'>ponderi</span> <span class='ocrx_word' id='word_1_324' title='bbox 674 3537 808 3614; x_wconf 63' lang='lat' dir='ltr'>gladiose</span> <span class='ocrx_word' id='word_1_325' title='bbox 830 3538 986 3612; x_wconf 86' lang='lat' dir='ltr'>auditaque</span> <span class='ocrx_word' id='word_1_326' title='bbox 1011 3532 1113 3592; x_wconf 90' lang='lat' dir='ltr'>intole-</span> 
     </span>
    </p>
   </div>
   <div class='ocr_carea' id='block_1_6' title="bbox 132 3614 1259 3700">
    <p class='ocr_par' dir='ltr' id='par_1_7' title="bbox 132 3614 1259 3700">
     <span class='ocr_line' id='line_1_41' title="bbox 132 3614 1259 3700; baseline -0.001 -23"><span class='ocrx_word' id='word_1_327' title='bbox 132 3617 224 3700; x_wconf 73' lang='lat' dir='ltr'>randa</span> <span class='ocrx_word' id='word_1_328' title='bbox 244 3616 389 3678; x_wconf 81' lang='lat' dir='ltr'>Romanis</span> <span class='ocrx_word' id='word_1_329' title='bbox 410 3634 473 3688; x_wconf 85' lang='lat' dir='ltr'>vox,</span> <span class='ocrx_word' id='word_1_330' title='bbox 497 3614 579 3674; x_wconf 85' lang='lat' dir='ltr'>“Vae</span> <span class='ocrx_word' id='word_1_331' title='bbox 604 3614 688 3675; x_wconf 90' lang='lat' dir='ltr'>victis</span> <span class='ocrx_word' id='word_1_332' title='bbox 708 3618 804 3676; x_wconf 88' lang='lat' dir='ltr'>esse.&#39;’</span> <span class='ocrx_word' id='word_1_333' title='bbox 1125 3637 1151 3676; x_wconf 81' lang='lat'>40</span> <span class='ocrx_word' id='word_1_334' title='bbox 1256 3652 1259 3657; x_wconf 90' lang='lat'>·</span> 
     </span>
    </p>
   </div>
   <div class='ocr_carea' id='block_1_7' title="bbox 0 0 1297 4314">
    <p class='ocr_par' dir='ltr' id='par_1_8' title="bbox 0 0 1297 4314">
     <span class='ocr_line' id='line_1_42' title="bbox 0 0 1297 4314; baseline 0 0"><span class='ocrx_word' id='word_1_335' title='bbox 0 0 1297 4314; x_wconf 95' lang='lat' dir='ltr'> </span> 
     </span>
    </p>
   </div>
  </div>
 </body>
</html>
