2520 4310
103 339 168 402 m
498 325 686 384 mlum

106 491 127 524 ‘⁴
137 479 236 543 Vultis
248 481 305 542 boa
317 487 467 539 mnemon
479 474 734 548 uxoribus-vestris
750 473 883 552 injieere,
896 473 1040 546 Quirites,
1053 487 1087 537 ut

107 571 128 604 ‘⁴
137 563 241 622 divites
254 561 285 620 id
308 560 416 618 babere
429 556 529 630 velint,
541 556 618 632 quod
640 555 720 614 nulla
732 553 789 613 ulia
801 555 892 631 possit
903 575 912 626 3
933 575 1084 634 pauperes,

106 645 176 701 “ue
202 641 242 700 ob
266 641 323 699 hoo
348 638 443 716 ipsum
464 646 697 709 contemnuntur,
723 652 811 711 supra
830 634 908 692 vires
931 654 964 694 se
987 645 1088 694 erten-

106 722 235 780 “dantl
276 717 343 792 Nar,
376 716 461 776 simul
486 715 607 792 pudere,
633 714 710 790 quod
736 731 796 772 nou
834 724 958 790 oportet,
991 733 1087 792 ooepe·

107 809 127 840 ⁸¹
138 800 186 875 rit,
212 800 289 877 quod
320 806 442 874 oportet,
469 813 528 855 non
555 793 684 872 pudebit.
729 791 808 856 Qua
834 793 872 851 de
899 812 952 852 suo
972 794 1121 871 potorius

106 878 271 972 “parabile
304 895 368 953 quae
405 889 464 935 non
500 874 614 951 poterit,
640 873 733 932 virum
766 872 888 949 rpgabit.
942 873 1085 934 Miserum

105 959 218 1018 “illum
250 958 354 1026 virum,
391 965 421 1013 et
453 953 502 1029 qui
538 963 682 1021 exoratus,
717 961 748 1012 et
781 951 830 1027 qui
861 971 922 1011 nou
950 962 1086 1012 exoratus
1117 1008 1121 1014 .

105 1043 125 1074 “
134 1038 205 1097 eritl
226 1055 325 1114 quum,
339 1034 414 1112 quod
429 1033 490 1110 ipse
504 1051 563 1092 nou
582 1031 705 1107 dederit,
728 1027 828 1090 datuur'
842 1032 879 1090 ab
893 1032 951 1091 alio
965 1032 1083 1092 ridebit

106 1117 227 1176 “Nune
250 1114 336 1192 rulgd
360 1112 470 1172 alienos
490 1110 566 1172 viros
579 1122 692 1189 regunt,
716 1122 754 1183 et,
778 1112 855 1187 quod
868 1113 961 1188 majus
973 1124 1028 1180 est,
1041 1112 1083 1170 le·

104 1205 124 1236 “
132 1203 201 1274 'gem
214 1206 244 1253 et
257 1192 394 1269 suffragia
406 1200 518 1269 rogant,
538 1201 568 1249 et
581 1210 599 1249 a
611 1190 784 1266 quibusdam
804 1191 966 1267 impetrant,
980 1191 1081 1250 adver·
1090 1205 1118 1250 ιο

10 1266 28 1285 “
66 1313 69 1320 .
103 1279 124 1310 ‘⁸
134 1293 185 1336 sus
197 1283 237 1346 te,
251 1283 282 1332 et
300 1291 362 1331 rem
383 1282 471 1343 tuem,
495 1281 526 1328 et
538 1270 644 1329 liberos
665 1280 731 1330 tuoe
744 1270 944 1330 inexorabiles.
986 1271 1081 1330 Simul

103 1363 124 1394 ‘⁶
134 1354 184 1414 lex
207 1353 326 1413 modum
340 1350 502 1427 sumptibus
515 1349 613 1410 uxoris
632 1349 800 1411 tuodaoere
821 1349 948 1422 desierit,
962 1360 996 1410 tu
1007 1369 1083 1410 nun·

104 1443 222 1509 “quam
246 1431 344 1490 saoies.
398 1429 498 1489 Nolite
519 1427 623 1488 eodem
643 1429 709 1488 looo
734 1429 914 1503 existimare,
937 1427 1081 1502 Quirites,

98 1517 119 1548 ‘⁴
130 1513 255 1590 suturam
269 1531 340 1579 rem,
355 1527 412 1586 quo
426 1508 489 1577 suit,
503 1519 660 1584 antequam
673 1509 721 1567 lex
735 1509 772 1567 de
787 1510 844 1570 boo
858 1511 989 1569 ferretur.
1030 1511 1079 1586 Et,

103 1596 123 1626 ‘⁴
134 1592 282 1651 homiuem
306 1589 468 1666 improbum
481 1607 540 1646 non
555 1587 699 1663 sconsam,
718 1588 808 1647 tutius
821 1600 875 1658 est,
889 1589 976 1666 quim
989 1587 1116 1650 absol-u

102 1681 122 1711 ‘⁴
135 1671 162 1730 ri
175 1691 183 1728 ι
203 1681 235 1730 et
246 1670 360 1730 luxurie
373 1687 431 1727 non
446 1678 523 1726 mota
536 1667 710 1726 tolerabilior
723 1679 810 1743 esset,
823 1669 911 1745 quim
926 1671 980 1730 erit
990 1689 1080 1743 nune,

103 1751 144 1810 “i
165 1750 205 1810 sis
229 1749 361 1822 vinculis,
383 1748 460 1806 siout
483 1747 543 1804 feru
567 1747 669 1818 bestia,
691 1747 810 1820 irritatu,
835 1749 942 1807 deiude
966 1751 1080 1809 emissa.

101 1840 123 1869 ⁴⁸
135 1769 200 1908 ligo
212 1830 293 1888 nullo
314 1829 400 1888 modo
418 1827 613 1904 abrogandam
632 1827 729 1904 legem
743 1826 870 1903 Oppiam
883 1848 1008 1889 oenseo:
1029 1847 1080 1888 ros

102 1914 122 1946 '³
132 1909 210 1988 quod
224 1909 330 1984 faxitis,
344 1908 422 1967 Deos
435 1913 536 1966 omnes
550 1907 696 1982 fortunare
709 1907 827 1966 velim.”

140 2067 177 2125 V.
199 2066 268 2126 Post
291 2067 354 2124 baro
378 2064 487 2124 tribuni
510 2083 623 2141 quoque
643 2065 750 2141 plebei,
763 2066 812 2142 qui
826 2085 857 2125 se
871 2066 1116 2126 interoessorosm

99 2146 220 2226 professi
233 2155 326 2214 eraut,
348 2163 437 2220 quum
460 2163 555 2221 pauca
574 2145 606 2203 in
620 2145 751 2203 eamdem
769 2147 943 2204 sententiam
957 2147 1081 2226 adjeois-

100 2236 187 2296 sent3
207 2235 269 2284 tum
294 2223 328 2282 L.
353 2221 488 2281 Valerius
511 2225 725 2300 prorogatione
747 2225 784 2282 ab
797 2243 828 2282 se
840 2225 1024 2301 promulgati
1037 2226 1081 2284 ita

101 2305 245 2364 disseruit
288 2303 348 2361 “Si
368 2303 471 2378 priuati
491 2304 692 2363 tautummodo
712 2303 748 2362 ad
771 2303 952 2360 suadendum
967 2303 1080 2363 dissua-

100 2391 118 2420 “
129 2385 315 2458 dendumque
324 2382 364 2456 id,
374 2382 450 2457 quod
464 2383 575 2441 anobis
589 2392 716 2460 rogatur,
723 2382 939 2460 proeessissent,
947 2401 1004 2460 ego
1010 2401 1082 2460 quo·

101 2470 119 2498 “
131 2483 197 2542 que,
208 2481 297 2539 quum
309 2462 378 2519 satis
388 2461 499 2519 dietum
507 2481 559 2538 pro
569 2463 690 2538 ubique
701 2473 781 2538 parte
791 2462 998 2535 existimarem,
1009 2463 1081 2522 taci-
1090 2476 1116 2517 ss

100 2545 176 2603 “tus
190 2541 326 2619 suffragia
334 2551 428 2599 vestre
437 2541 660 2618 exspectissem.
701 2540 732 2599 N
734 2559 803 2610 une,
813 2559 903 2616 quum
917 2540 960 2599 vir
973 2542 1081 2618 gravis·
1131 2592 1135 2602 ,

100 2629 120 2658 “
132 2625 232 2695 simus,
244 2621 344 2681 oonsul
360 2619 402 2678 M.
417 2619 546 2693 Porcius,
554 2639 613 2678 nou
624 2620 796 2678 auctoritate
807 2621 908 2688 solim,
919 2622 1080 2696 quamcito

100 2708 120 2739 “
132 2704 201 2764 satis
216 2700 354 2761 momenti
366 2699 522 2773 habuisset,
531 2699 582 2757 sed
589 2699 719 2758 oratione
730 2699 819 2758 etiam
830 2699 915 2778 longi
923 2711 953 2758 et
961 2719 1079 2760 accura-

101 2788 121 2817 “
133 2785 162 2842 tt
175 2781 334 2840 insectatus
352 2778 390 2836 sit
410 2778 588 2854 rogationem
602 2789 738 2850 nostrum,
754 2797 907 2838 necessum
920 2791 964 2838 est
976 2780 1078 2856 paucis

101 2871 122 2901 ‘⁴
133 2860 324 2936 respondere:
338 2857 387 2931 qui
398 2867 495 2916 tumen
509 2857 591 2934 plura
602 2858 689 2916 rerba
699 2857 729 2916 iu
738 2858 916 2935 'castigandis
929 2859 1075 2928 masonis,
1086 2885 1114 2926 ω

7 2995 9 3000 ,
101 2937 219 3016 “quim
243 2937 274 2994 in
299 2935 447 3012 rogatione
469 2939 565 2996 nostre
586 2937 792 3010 dissuadendi,
815 2938 1014 3016 consumpsit3
1048 2947 1080 2996 et

102 3017 251 3094 “quidem
272 3026 304 3073 ut
328 3015 460 3074 indubio
483 3027 613 3091 poneret,
628 3015 723 3075 utrdm
737 3017 778 3085 id,
797 3018 874 3093 quod
888 3018 1081 3096 reprebende-

102 3107 188 3164 “ret
210 3103 348 3153 matrona
369 3095 422 3152 sui
445 3105 557 3170 sponte,
582 3115 620 3154 an
643 3095 728 3155 nobis
742 3096 917 3166 auctoribus,
934 3097 1080 3156 fecissent.

100 3181 121 3211 “
133 3175 212 3236 Rem
236 3174 401 3240 delendum,
416 3193 475 3232 non
488 3193 562 3244 nost
583 3174 613 3233 in
627 3194 700 3250 quos
717 3175 790 3253 jecit
802 3177 895 3253 magis
908 3178 964 3235 hoo
977 3176 1081 3236 oonsul

101 3261 121 3290 “
133 3255 220 3316 verbo
233 3264 329 3322 tenus,
343 3251 430 3328 quim
444 3261 477 3311 ut
496 3271 527 3311 re
549 3253 738 3314 insimularet.
779 3255 906 3329 Coetnm,
919 3267 950 3314 et
963 3256 1134 3324 seditio-ss·

102 3346 123 3375 ⁸⁸
133 3355 197 3411 nes,
210 3345 242 3394 et
263 3333 408 3392 interdum
432 3333 627 3393 seoessionem
641 3333 812 3398 muliebrem
826 3335 989 3412 appellavit,
1003 3335 1081 3412 quod

102 3425 272 3477 “matrone
296 3413 327 3472 iu
347 3411 465 3490 publioo
485 3432 537 3472 vos
559 3416 719 3492 rogassent,
739 3414 888 3492 otlegem,
902 3415 933 3472 in
948 3434 980 3474 se
993 3415 1081 3474 latam

102 3505 185 3575 “per
198 3493 306 3554 bellum
319 3492 497 3569 temporibus
520 3492 611 3567 duris,
632 3493 663 3552 in
676 3511 750 3572 paee
762 3504 793 3553 et
805 3493 927 3554 florente
947 3513 984 3554 uo
995 3494 1082 3554 beata

101 3585 121 3615 ‘⁴
132 3574 280 3653 republiob
301 3572 485 3651 abrogaretis.
526 3572 625 3632 Verba
647 3591 764 3652 magua,
787 3591 851 3650 quie
875 3575 917 3633 rei
939 3573 1082 3653 augendae

100 3658 120 3690 ‘⁸
132 3655 220 3714 causi
241 3653 459 3729 oonquirantur,
472 3661 503 3711 et
515 3651 590 3726 buo,
603 3661 638 3710 et
646 3652 703 3712 alia
715 3671 779 3712 esse
792 3653 874 3713 seio:
895 3665 925 3714 et
938 3654 981 3714 M.
995 3653 1083 3714 Otto·
1091 3678 1119 3720 ιι

100 3735 121 3766 “
132 3751 200 3790 uem
213 3740 356 3790 oratorem
369 3749 429 3790 non
442 3729 536 3788 mlum
549 3747 677 3808 mrem,
695 3733 746 3791 sed
761 3732 909 3793 interdum
921 3735 1010 3794 etiam
1023 3743 1082 3792 tru-
1154 3739 1159 3748 ‘

74 3883 78 3892 ι
102 3817 210 3878 “eem,
233 3825 297 3867 esse
320 3809 430 3868 seimus
441 3825 655 3888 omnmquum
674 3809 794 3889 ingenio
814 3812 853 3872 sit
873 3813 962 3874 mitis.
1002 3811 1082 3872 Nam
