2556 4314
140 351 208 411 -178
549 347 723 400 rrrrmvu

148 496 168 528 “
177 505 295 554 cautum
306 504 359 553 est.
400 494 442 552 At
455 493 534 553 enim
547 513 583 552 eo
594 494 711 562 soedere,
723 494 799 568 quod
811 512 879 551 cum
893 491 1078 556 Hasdrubale
1090 497 1134 558 io·

149 582 239 633 “tum
253 587 306 642 est,
322 575 477 650 Saguntini
497 573 700 649 excipiuntur:
722 574 859 631 adversus
879 575 956 649 quod
981 578 1052 634 nihil
1074 598 1133 654 ego

150 653 310 711 “dicturus
331 674 406 728 sum,
421 655 476 712 nisi
490 654 566 728 quud
591 653 703 710 anobis
724 653 823 710 didici.
865 654 927 711 Vos
949 655 1039 723 enim,
1054 659 1132 732 quod

151 735 170 765 ‘⁴
182 732 217 790 C.
232 733 365 791 Lutatius
379 733 480 792 consul
494 730 588 808 primd
603 733 754 790 nobiscnm
763 732 862 795 ‚loedus
876 733 938 807 icit,
953 735 1022 809 quia
1036 755 1131 811 neque

150 819 170 848 “
182 814 351 871 auctoritate
363 813 480 870 Patrum
490 831 546 869 nec
554 812 651 889 populi
660 812 742 888 jussu
758 812 848 869 ictum
856 824 928 882 erat,
938 815 1069 890 negastis
1083 835 1132 874 vos
1155 831 1169 871 5

151 899 170 928 “
182 910 217 949 eo
231 893 343 950 teneri:
365 893 461 968 itaque
475 893 553 949 aliud
567 893 603 949 de
618 892 730 968 integro
752 891 845 948 soedns
865 893 985 967 publico
1010 895 1132 953 consilio
1155 929 1158 934 ‹

151 979 170 1008 “
182 971 272 1028 ictum
287 982 340 1029 est.
360 985 363 990 '
382 973 414 1029 Si
429 991 477 1030 vos
501 989 560 1028 non
584 983 686 1029 tenent
699 982 792 1028 vestra
806 970 925 1040 foedera,
941 973 997 1029 nisi
1013 992 1049 1030 ex
1064 993 1133 1031 auc·

151 1052 171 1082 ‘¹
180 1051 292 1109 toritate
306 1061 356 1108 aut
366 1049 449 1127 jussu
470 1061 563 1107 restro
585 1050 664 1118 icta3
686 1069 723 1107 ne
738 1069 791 1130 nos
804 1051 922 1124 quidem
937 1052 1133 1112 Hasdrubalis

152 1138 171 1167 ‘⁶
183 1129 285 1200 soedus,
309 1131 386 1204 quod
407 1129 491 1187 nobis
515 1129 616 1187 insciis
637 1129 697 1200 icit,
718 1129 847 1204 obligare
861 1131 959 1204 potuit.
986 1131 1146 1204 'Proinde-

152 1209 303 1270 “omittite
318 1209 442 1285 Sagunti
466 1219 551 1283 atque
576 1209 654 1265 Iberi
668 1207 847 1265 mentionem
862 1209 955 1266 lacere
968 1229 976 1278 3
998 1221 1037 1282 et,
1052 1211 1132 1284 quod
1144 1227 1169 1266 10

152 1288 233 1345 “diu
247 1288 366 1363 parturit
382 1289 496 1345 animus
520 1298 622 1357 vester,
645 1279 799 1366 aliquando
812 1289 932 1362 pariat.”
950 1291 952 1294 ’
974 1289 1056 1345 Tum
1071 1290 1133 1347 Ro·

151 1385 265 1440 manus,
280 1369 344 1425 sinu
359 1387 396 1425 ex
409 1368 477 1443 togd
491 1367 577 1439 sacto,
593 1370 611 1397 ‘⁴
625 1366 714 1437 Hic‚''
737 1365 838 1441 inquit,
854 1372 873 1398 “
887 1366 966 1424 vobis
981 1366 1089 1424 bellum
1102 1379 1133 1426 et

152 1454 287 1522 “pacem
313 1441 483 1523 portamus3
517 1458 613 1503 utrum
640 1446 746 1520 placet,
773 1447 908 1504 sumite.”
965 1447 1029 1504 Sub
1055 1447 1132 1505 hanc

152 1543 252 1584 vocem
267 1528 345 1584 haud
359 1525 454 1584 minus
476 1525 619 1597 ferociter,
642 1529 661 1556 “
673 1525 764 1597 daret,
779 1536 875 1582 utrum
890 1525 1005 1596 vellet,''
1020 1527 1133 1583 succla-

146 1615 262 1664 matum
284 1616 347 1663 est:
379 1615 408 1663 et
434 1624 523 1680 quum
550 1604 575 1660 is
596 1604 708 1672 iterum,
724 1604 790 1660 sinu
814 1605 906 1662 effuso
931 1605 1039 1662 bellum
1063 1606 1132 1662 dare
1143 1623 1168 1664 15

153 1682 282 1757 dixisset,
297 1685 429 1760 accipere
444 1703 475 1740 se
486 1703 589 1741 omnes
613 1683 833 1758 responderunt,
848 1694 886 1756 et,
901 1684 1006 1762 quibus
1021 1684 1133 1762 accipe·

153 1774 219 1823 rent
233 1765 345 1838 animis,
361 1764 463 1823 iisdem
477 1781 509 1820 se
522 1773 662 1842 gesturos.
723 1770 726 1776 '

194 1922 330 2014 XllXII.
363 1969 370 1982 .
392 1967 400 1982 .
422 1966 430 1981 .
453 1969 460 2010 7
482 1967 491 1982 .
519 1924 666 1982 Hannibal
679 1925 715 1981 ab
727 1923 870 1982 Druentid
879 1925 1034 2014 ⁰³¹&
1042 1925 1135 1982 maxi-

154 2000 202 2060 me
224 2013 327 2061 rtrnere
351 2023 418 2061 cum
445 2004 520 2061 bond
543 2023 615 2080 pace
638 2005 673 2061 ad
696 2004 788 2079 Alpes
810 2003 999 2062 incolentium
1019 2024 1055 2061 ea
1070 2006 1135 2062 loca

155 2081 305 2140 Gallorum
328 2083 467 2157 pervenit.
509 2083 599 2154 Tum,
614 2102 788 2158 quamquam
812 2083 890 2140 samri
910 2083 991 2159 prius
1006 2082 1171 2160 (quoin-so
1229 2135 1232 2139 .
1270 2077 1271 2124 ἕ

154 2169 235 2218 certa
258 2159 288 2217 in
310 2163 402 2237 majus
423 2180 490 2219 vero
515 2162 581 2219 ferri
606 2163 712 2242 solent)
732 2173 875 2251 praecepta
889 2181 935 2218 res
948 2173 1019 2235 erat,
1035 2173 1135 2220 tamen

155 2257 193 2298 cx
218 2239 376 2315 propinquo
400 2240 460 2304 visa
481 2241 622 2298 montium
648 2240 777 2309 altitudo}
801 2259 938 2316 nivesque
953 2243 1028 2299 coelo
1044 2241 1135 2317 prope

155 2317 302 2389 immixtae,
327 2330 405 2378 tecta
428 2319 562 2378 informia
576 2321 709 2395 imposita
723 2320 849 2396 rupibus,
864 2339 970 2395 pecora
989 2321 1137 2395 jumenta-

156 2415 212 2472 que
227 2398 333 2478 torrida
347 2399 461 2476 frigore,
477 2400 608 2458 homines
632 2401 739 2458 intonsi
763 2410 792 2458 et
805 2399 919 2472 inculti,
934 2399 1073 2456 animalia
1093 2399 1137 2456 iu·

157 2477 310 2552 animaque
334 2480 432 2537 omnia
457 2480 581 2556 rigentia
607 2480 685 2556 gelu,
713 2477 820 2536 caetera
843 2479 916 2547 visu,
938 2477 1026 2554 quam
1046 2479 1172 2550 dictum

158 2555 288 2631 taediata,
311 2570 449 2619 terrorem
474 2561 656 2619 renovarunt.
698 2558 888 2635 Erigentibus
909 2558 941 2615 in
966 2559 1074 2635 primos
1088 2577 1137 2634 ag·

159 2655 226 2695 men
253 2639 342 2705 clivos
370 2651 563 2716 apparuerunt
596 2639 782 2697 imminentes
816 2638 943 2696 tumulos
978 2638 1139 2696 insidentes

158 2718 307 2787 montani3
329 2721 387 2793 qui,
416 2721 440 2777 si
466 2720 554 2777 valles
580 2719 753 2777 occultiores
780 2718 967 2786 insedissent,
995 2716 1086 2775 coorti
1107 2716 1139 2773 in

159 2814 287 2872 pugnam
314 2801 441 2873 repente,
468 2799 617 2876 ingentem
646 2798 742 2874 fugam
770 2808 953 2874 stragemque
981 2797 1138 2853 dedissent.

160 2873 309 2932 Hannibal
323 2878 480 2936 consistere
504 2880 588 2956 signa
606 2878 707 2954 jubet;
728 2877 877 2952 Gallisque
889 2877 928 2934 ad
943 2876 1060 2933 visenda
1075 2875 1176 2932 locaso

159 2953 324 3028 praemissis,
339 2961 487 3032 postquam
501 2959 650 3035 comperit,
665 2957 818 3014 transitum
832 2958 868 3014 eit
882 2975 941 3015 non
956 2975 1030 3027 esse,
1044 2964 1142 3012 castra

160 3031 235 3089 inter
262 3034 432 3110 confragosa
462 3039 559 3094 omnia
586 3047 796 3114 praeruptaque,
824 3035 911 3111 quam
939 3033 1142 3092 extentissimi

160 3120 255 3188 potest
281 3112 364 3180 valle,
389 3114 473 3172 locat.
515 3115 595 3173 Tum
617 3136 668 3193 per
690 3117 809 3174 cosdem
833 3116 941 3180 Gallos,
966 3116 1044 3171 haud
1069 3109 1141 3170 sanc

161 3189 283 3248 multum
297 3192 398 3268 linguai
411 3194 594 3269 moribusque
608 3196 805 3262 abhorrentes,
819 3191 908 3269 quum
922 3210 952 3248 se
967 3191 1143 3248 immiscuis·
1270 3235 1271 3260 2

163 3280 228 3328 sent
251 3271 400 3347 colloquiis
421 3272 634 3346 montanorum,
660 3274 781 3332 edoctus
800 3272 925 3330 interdiu
938 3272 1051 3328 tantum
1065 3270 1179 3328 obsi-3⁵

163 3349 225 3408 deri
239 3351 353 3421 saltum,
368 3363 453 3412 nocte
467 3354 497 3410 in
522 3371 573 3410 sua
586 3371 730 3428 quemque
744 3353 833 3410 dilabi
847 3362 945 3419 tecta3
966 3350 1033 3407 lnce
1048 3349 1143 3426 primia

163 3430 251 3490 subiit
264 3433 400 3502 tumulos,
412 3444 443 3491 ut
457 3453 493 3490 ex
507 3442 604 3507 aperto
618 3443 702 3506 atque
717 3433 843 3497 interdiu
857 3432 915 3488 vim
928 3449 980 3506 per
994 3428 1143 3506 angustias

164 3509 310 3572 facturus:
343 3513 398 3570 Die
420 3512 537 3579 deinde,
559 3511 722 3569 simulando
741 3512 818 3569 aliud
833 3512 920 3586 quam
934 3511 1010 3585 quod
1025 3507 1145 3585 paraba-

164 3601 220 3660 tur,
234 3602 415 3668 consumpto,
435 3611 523 3667 quum
545 3592 658 3660 eodem,
682 3611 738 3667 qno
752 3593 952 3662 constiterant,
966 3591 1031 3670 loco
1051 3597 1147 3645 eastra

164 3673 400 3744 communissent,
428 3671 477 3729 ubi
504 3670 627 3746 primum
653 3672 804 3745 degressos
837 3671 956 3728 tumulis
989 3679 1183 3726 montanosto
1270 3745 1271 3750 ἵ

165 3748 330 3824 laxatasque
355 3751 445 3806 sensit
467 3751 622 3817 custodias,
642 3743 771 3824 pluribus
786 3751 913 3826 ignibus,
927 3750 1012 3825 quam
1026 3765 1077 3821 pro
1092 3765 1147 3802 nu·

117 3857 119 3864 ⁴
166 3841 246 3886 mero
270 3828 459 3899 manentium,
483 3829 655 3910 inspeciem
680 3828 774 3902 sactis,
789 3822 1062 3906 impedimentisque
1076 3843 1146 3884 curn
