2556 4314
529 313 635 366 LIBER
652 315 700 366 Ill.
718 327 782 365 cnr.
799 330 856 366 avr.
1124 319 1178 377 101

241 454 321 514 LVI.
343 454 480 512 Fundatd
501 455 608 512 deinde
632 465 662 513 et
684 467 824 531 potestate
848 459 1014 527 tribunicia,
1035 470 1065 518 et
1087 460 1181 536 plebis

200 534 345 601 libertate,
359 544 422 591 turn
445 533 556 591 tribuni
579 534 700 610 aggredi
724 535 854 610 singulos
873 547 967 596 tutum
980 549 1179 616 maturumque

199 614 262 689 jam
275 613 339 684 rati,
354 622 554 671 accusatorem
580 613 705 688 primum
729 612 896 689 Virginiunr
909 628 939 674 et
959 616 1085 692 Appium
1098 637 1181 678 reum

202 692 346 768 deligunt.
387 691 491 754 Quum
505 692 584 750 diem
597 692 694 768 Appio
707 691 859 768 Virginius
872 693 1002 763 dixisset,
1016 706 1046 753 et
1058 695 1178 772 Appius,

178 784 192 821 ⁵
204 772 326 847 stipatus
339 771 468 847 patriciis
478 771 644 848 juvenibus,
658 771 689 829 in
704 770 798 828 forum
811 772 1012 831 descendisset
1027 793 1036 844 ς
1057 775 1180 834 redinte-

205 861 287 928 grata
308 850 450 941 externplo
470 860 516 940 est
527 850 665 939 omnibus·
685 850 825 941 memoria
845 850 1011 910 soedissimae
1024 854 1180 928 potestatis,

205 929 889 1083 lutltflllttllltltull}illlata.
911 931 1180 1090 ittelltlsstb

204 1088 400 1144 “accusando
424 1087 501 1162 apud
525 1105 656 1144 roseum
677 1097 791 1162 tempus
811 1097 913 1157 teram,
928 1103 946 1146 a
959 1089 1044 1166 cujus
1058 1091 1181 1148 crudeli·

168 1185 192 1224 ro
204 1174 290 1223 “tate
311 1176 422 1223 vosmet
443 1165 498 1241 ipsi
522 1165 610 1223 armis
633 1165 820 1228 vindicssu's:
841 1185 899 1225 nec
922 1167 1008 1225 istum
1023 1169 1060 1226 ad
1075 1177 1182 1227 eaetera

205 1245 343 1302 “scelera
364 1244 576 1321 impudentiam
600 1245 630 1303 in
656 1245 840 1303 defendendo
866 1264 897 1303 se
924 1246 1050 1323 adjicere
1077 1247 1178 1326 patiar.

205 1324 373 1382 “Omnium
388 1325 476 1401 igitur
490 1324 553 1392 tibi,
568 1325 625 1401 Ap.
640 1324 755 1398 Claudi,
769 1343 832 1400 qure
846 1324 933 1401 impie
946 1325 1114 1403 nefarieque
1127 1343 1180 1402 per

205 1404 387 1461 “biennium
411 1404 468 1462 alia
489 1423 575 1480 super
599 1404 655 1462 alia
675 1423 707 1461 es
729 1423 825 1473 ausus,
839 1405 962 1482 gratiam
976 1405 1072 1466 facio:
1092 1405 1180 1464 unius

206 1488 223 1514 “
234 1481 344 1542 tanturn
366 1483 496 1542 oriminis
520 1484 551 1541 ni
573 1483 703 1560 judicem
725 1484 815 1552 dices,
839 1494 868 1542 te
883 1484 920 1542 ab
932 1484 1064 1543 libertate
1078 1484 1109 1544 in
1122 1501 1181 1544 scr·

170 1589 194 1627 15
207 1562 356 1620 “vitutem
370 1574 471 1620 contra
484 1562 564 1639 leges
589 1563 731 1622 vindicias
751 1582 810 1621 uon
828 1563 953 1637 dedisse,
977 1563 1008 1621 in
1021 1563 1138 1622 vincula
1151 1575 1181 1623 te

207 1641 308 1698 “duci
327 1641 442 1716 jubeo.''
483 1642 550 1700 Nec
574 1641 605 1698 iu
629 1640 787 1702 tribunicio
808 1641 916 1699 auxilio
940 1642 1064 1718 Appius,
1078 1661 1135 1700 nec
1149 1643 1179 1700 in

136 1755 140 1761 -
205 1719 317 1794 judicie
340 1720 445 1795 populi,
470 1721 557 1778 ullam
581 1723 666 1796 spem'
684 1720 824 1776 babebat:
857 1730 984 1778 attamen
1008 1731 1037 1778 et
1050 1720 1181 1778 tribunos

207 1798 359 1873 appellavit
372 1818 378 1856 :
392 1809 431 1870 et,
446 1799 524 1874 nullo
537 1810 678 1865 morante,
690 1808 820 1873 arreptus
833 1817 851 1855 a
863 1798 981 1866 viatore,
992 1805 1009 1830 “
1021 1798 1180 1867 Provcco,'’

206 1877 307 1951 inquit.
328 1878 460 1935 'Audita
472 1896 527 1936 vox
550 1895 610 1934 una
632 1877 739 1934 vindex
758 1870 907 1948 libertuti‘s]
922 1895 958 1934 ex
972 1895 1007 1935 eo
1020 1878 1107 1936 missa
1120 1897 1178 1949 ore,

169 1961 263 2029 eoquo
283 1956 418 2014 vindiciae
432 1956 574 2032 nuperab
588 1955 720 2014 libertate
734 1955 819 2013 dicta
833 1965 925 2024 erant,
940 1954 1086 2014 silentium
1100 1956 1178 2018 seuit.

208 2035 257 2102 Et,
268 2034 337 2091 durn
350 2054 401 2110 pro
409 2053 440 2092 se
453 2038 584 2111 quisque,
594 2044 620 2108 f‘
632 2034 711 2092 Deos
720 2035 839 2092 tandem
847 2051 921 2102 esse,
936 2045 965 2093 et
979 2053 1038 2094 non
1051 2036 1180 2112 neglige·

208 2123 271 2171 “re
286 2113 438 2185 humana,''
449 2115 592 2184 fremunt3
607 2119 625 2147 ‘¹
636 2124 666 2172 et
674 2113 813 2190 superbire
825 2113 1054 2190 crudelitatique,
1068 2116 1122 2173 etsi
1137 2133 1180 2173 se·

208 2202 227 2228 ‘⁴
238 2211 295 2261 ras,
309 2212 367 2250 nun
388 2194 465 2251 leves
488 2203 586 2252 tamen
610 2193 708 2252 venire
731 2211 848 2270 poenas:
868 2211 1034 2268 provocare,
1054 2194 1104 2268 qui
1118 2212 1181 2270 pro·

204 2281 224 2308 ‘⁶
236 2272 414 2334 vocationem
439 2271 633 2342 sustulisset3‘
652 2283 682 2331 et
703 2273 854 2348 implorare
878 2272 1046 2347 presidium
1069 2273 1177 2348 populi,

170 2377 197 2415 25
206 2356 222 2382 ‘¹
234 2353 282 2427 qui
295 2353 393 2410 omnia
410 2353 476 2428 jura
489 2353 586 2428 populi
607 2353 757 2424 obtrlsset3
778 2351 897 2427 rapique
917 2351 948 2409 in
961 2350 1080 2409 vincula
1092 2368 1180 2428 egen·

205 2429 224 2466 ‘'‘
236 2440 293 2488 tem
312 2432 377 2507 jure
386 2431 542 2498 libertatis,
566 2431 616 2506 qui
637 2431 760 2488 liberum
783 2430 936 2506 corpus'in
950 2429 1117 2490 servitutem
1131 2431 1180 2488 ad·

205 2510 403 2579 “dixisset;”
433 2510 523 2585 ipsius
545 2510 642 2584 Appii,
665 2509 740 2568 inter
761 2508 910 2566 concionis
934 2525 1063 2565 murmur
1089 2507 1177 2566 fidem

203 2590 300 2666 populi
314 2589 446 2647 Romani
460 2586 649 2663 implorantis,
673 2607 728 2645 voa
742 2585 921 2650 audiebatur.
962 2585 1179 2660 Majurumme·

204 2669 258 2726 rita
271 2671 301 2727 in
316 2667 527 2744 rempublicam
542 2666 620 2724 domi
642 2666 806 2740 militiaeque
820 2662 1082 2738 commemorabat:
1105 2669 1121 2696 “
1133 2683 1178 2723 su·

169 2781 195 2820 ³0
205 2757 224 2784 ‘⁵
236 2768 285 2807 um
299 2748 402 2807 infelix
415 2765 485 2826 erga
506 2746 621 2822 plebem
635 2745 800 2804 Romanam
821 2739 959 2810 studium,
973 2738 1051 2816 dudd
1064 2761 1178 2819 aequan-

205 2828 336 2890 “darum
349 2829 447 2905 legum
462 2826 562 2895 causat,
576 2844 645 2884 cum
659 2825 786 2884 maximat
798 2821 957 2883 offensione
971 2819 1098 2892 Petrum,
1109 2842 1177 2884 con·

99 2967 104 2976 ,
205 2915 224 2943 “
237 2907 332 2965 sulatu
345 2909 471 2965 abisset:
493 2925 560 2965 sues
575 2905 781 2982 leges,·quibus
795 2901 978 2962 manentibus
992 2900 1064 2960 lator
1076 2921 1177 2964 aarum

205 2994 226 3020 ‘⁴
239 2987 270 3041 in
284 2983 399 3044 vincula
419 2987 550 3045 ducatur.
592 2985 738 3044 Caeterrlm
752 3002 804 3041 sua
819 2980 933 3058 propria
946 2980 1022 3038 bona
1034 2982 1176 3058 malaque,

208 3071 227 3098 ‘⁶
240 3082 328 3137 quum
342 3081 436 3123 causae
446 3066 578 3125 dicende
592 3065 660 3123 data
670 3064 790 3122 facultas
804 3062 850 3128 sit,
862 3070 923 3117 tum
937 3077 968 3117 se
982 3070 1175 3135 experturum.

171 3175 199 3215 35
208 3150 228 3178 ‘⁴
240 3142 276 3200 In
290 3145 440 3220 praesentiat
461 3165 491 3204 se
506 3145 655 3205 communi
666 3144 730 3221 jure
744 3139 867 3199 civitatis
888 3139 984 3196 civem
1008 3139 1177 3202 Romanum

184 3221 284 3280 2“die
298 3223 377 3283 dicta
399 3226 553 3301 postulare,
575 3235 608 3283 ut
631 3224 728 3281 dicere
751 3220 846 3290 liceat,
861 3228 893 3276 ut
912 3216 1056 3294 judicium
1077 3218 1178 3297 populi

205 3301 361 3361 “Romani
374 3305 505 3379 experiri.
545 3303 615 3362 Non
629 3303 669 3360 ita
682 3320 713 3359 se
727 3298 864 3363 iuvidiam
878 3297 1069 3374 pertimuisse,
1084 3309 1117 3358 ut
1129 3297 1173 3356 ni-

193 3384 223 3410 '“
235 3381 276 3438 hil
291 3381 321 3438 in
336 3383 470 3457 aequitate
483 3393 513 3440 et
526 3379 723 3439 misericordiis
736 3378 842 3436 civium
856 3394 974 3434 suorum
987 3376 1049 3452 spei
1063 3378 1176 3435 lrabeat.

206 3458 333 3521 “Quod
346 3461 371 3518 si
385 3460 495 3519 indicta
509 3461 596 3518 causa
610 3459 640 3515 iu
654 3457 770 3516 vincula
777 3457 913 3523 ducatur,
925 3455 1030 3515 iterum
1045 3471 1076 3512 se
1090 3453 1179 3511 tribu·

170 3582 197 3620 4,
207 3544 226 3572 “
239 3556 292 3595 nos
304 3538 400 3612 plebei
414 3539 564 3614 appellare,
572 3548 602 3595 et
613 3554 739 3608 monere,
750 3554 788 3594 ue
799 3534 956 3605 imitentur,
970 3551 1041 3607 quos
1054 3529 1176 3587 oderint

207 3627 228 3656 ‘⁴
239 3614 331 3679 Qudd
342 3618 366 3676 si
377 3616 484 3678 tribuni
495 3618 596 3677 eodem
610 3615 718 3674 soederc
730 3614 872 3690 obligatos
883 3631 914 3670 se
922 3612 1066 3693 fateantur
1079 3603 1180 3694 tollen·

206 3706 227 3734 ‘⁴
236 3695 282 3754 dae
293 3697 491 3773 appellationis
498 3695 596 3763 caua,
606 3695 636 3753 in
644 3711 730 3770 quarn
741 3691 922 3768 conspirasse
935 3688 1114 3772 decemviros
1124 3699 1179 3742 crr-

205 3773 341 3835 “minati
354 3776 431 3846 siut3
450 3775 531 3836 aitse
543 3791 698 3912 pppvccare
712 3773 749 3832 ud
761 3768 918 3848 populum:
939 3758 1179 3840 imPl0¹⁸¹01080⁸
