2520 4310
415 367 417 373 ’
484 383 590 464 unqu
605 381 714 432 xxvn.
732 395 795 432 css.
812 395 836 429 ι.
1086 379 1147 438 229

160 528 373 596 -dieimedium
394 537 466 601 erat,
490 526 607 602 sitisque
628 536 658 584 et
681 525 759 585 calor
772 524 886 583 hiantes
898 522 1053 584 cudendus
1068 523 1145 598 capi·

172 612 320 686 endesque
334 608 441 666 affatim
456 607 610 685 prebebat.
1124 644 1126 648 .

213 767 327 827 XLIX.
349 766 503 843 Elephanti
529 765 626 842 plures
646 764 683 822 ab
709 762 779 841 ipsis
800 762 970 835 rectoribus,
998 759 1084 836 quam
1111 761 1148 817 ab

174 849 266 917 hoste,
291 846 435 905 interfecti
447 867 455 916 ;
477 843 577 905 fabrile
601 844 745 920 scalprum
768 861 836 900 cum
857 843 961 900 malleo
984 841 1148 900 habebant:
1250 889 1251 900 ,

85 995 87 998 ,
152 927 215 1002 ⁵id‚
229 928 280 985 ubi
293 927 392 984 saevire
417 925 519 983 bellue
544 943 579 982 ac
602 942 686 982 ruere
699 923 730 980 in
744 942 811 980 suos
832 931 989 998 coeperant,
1003 921 1150 997 magister,

175 1007 250 1065 inter
263 1025 347 1064 aures
359 1005 494 1082 positum,
508 1004 571 1079 ipso
585 1004 615 1060 in
629 1003 760 1075 articulo,
775 1021 831 1077 quo
842 1001 973 1078 jungitur
988 1001 1075 1078 capiti
1089 1018 1150 1058 cer·

173 1086 231 1160 vir,
253 1095 367 1161 quanto
381 1083 506 1141 marimo
528 1093 639 1158 poterat
660 1082 730 1154 ictu,
745 1081 889 1158 adigebat.
931 1080 976 1139 Ea
999 1079 1152 1138 celerrima

174 1164 219 1222 via
240 1164 338 1222 mortis
361 1163 392 1220 in
417 1160 504 1221 tantae
527 1160 611 1220 molis
632 1160 728 1220 bellust
749 1160 867 1219 inventa
880 1169 951 1233 erat,
966 1159 1015 1216 ubi
1029 1158 1150 1235 regendi
1251 1237 1252 1242 ἵ

173 1262 254 1320 spem
277 1243 432 1301 vicissent:
458 1241 623 1318 primusque
648 1241 678 1299 id
702 1240 868 1298 Hasdrubal
893 1239 1065 1306 instituerat,
1090 1239 1151 1296 dux

141 1337 263 1398 loquum
286 1341 361 1398 saepe
383 1320 454 1379 alids
471 1320 685 1390 memorabilis,
711 1330 773 1378 tum
796 1316 846 1377 ille
872 1319 1016 1397 praecipud
1041 1318 1150 1394 pugna.

175 1402 229 1459 Ille
242 1411 415 1476 pugnantes,
440 1401 589 1469 hortando,
613 1399 776 1475 pariterque
789 1401 924 1458 obeundo
936 1398 1076 1476 pericula,
1090 1416 1152 1456 sus·

173 1479 280 1538 tinuit:
301 1478 349 1552 ille
371 1478 461 1536 fessos
479 1479 699 1556 abnuentesque
720 1479 806 1536 taedio
829 1489 859 1536 et
871 1479 979 1551 labore,
993 1497 1074 1535 nunc
1088 1495 1152 1553 pre-

80 1606 103 1624 ,,
173 1559 280 1631 cando,
302 1576 382 1615 nunc
405 1557 585 1633 castigando,
600 1554 754 1615 accendit:
776 1557 824 1614 ille
838 1557 983 1633 fugientes
996 1557 1151 1629 revocavit,

174 1637 365 1713 omissamque
379 1655 506 1713 pugnam
521 1635 628 1711 aliquot
648 1635 719 1693 loeis
733 1635 873 1693 restituit:
894 1634 1049 1710 postremi,
1063 1654 1152 1709 quum

102 1762 111 1778 ,
141 1731 166 1771 15
175 1717 253 1774 haud
267 1715 354 1774 dubie
369 1715 484 1774 fortune
507 1715 632 1777 hostium
650 1725 736 1788 esset,
750 1733 787 1772 ne
802 1711 964 1790 superesset
977 1723 1057 1772 tanto
1070 1732 1153 1772 exer·

174 1795 246 1855 cittii
268 1815 352 1853 suum
374 1814 482 1854 nomen
503 1804 614 1867 secuto,
636 1794 781 1852 concitato
802 1812 878 1868 equo
897 1812 928 1850 se
949 1793 980 1850 in
1004 1793 1152 1852 cohortem

174 1867 340 1934 Romanuin
363 1874 492 1933 immisit.
533 1873 590 1946 lbi,
605 1883 637 1930 ut
654 1883 735 1949 patre
760 1872 928 1930 Hamilcare
942 1881 972 1930 et
986 1871 1152 1930 Hannibale

174 1953 260 2012 fratre
281 1955 404 2030 dignum
427 1964 498 2022 erat,
522 1971 656 2029 pugnans
680 1952 796 2010 cecidit.
837 1951 996 2027 Nunquam
1018 1971 1053 2010 eo
1077 1950 1152 2010 bello

175 2034 236 2090 unit
249 2034 312 2091 acie
327 2043 438 2091 tautum
461 2033 587 2091 hostium
606 2033 790 2090 intersectum
804 2043 868 2101 est3
889 2031 1056 2107 redditaque
1072 2050 1153 2107 equa

138 2127 165 2167 so
175 2112 325 2170 Cannensi
349 2113 456 2186 clades,
471 2113 515 2170 vel
537 2111 620 2170 ducis
634 2112 679 2169 vel
692 2111 836 2173 exercitiis
850 2111 979 2185 interitu,
993 2112 1151 2170 videbatur.

174 2191 395 2269 Quinquaginta
422 2211 474 2250 sex
498 2191 588 2250 millia
611 2192 737 2250 hostium
759 2192 879 2251 occisa:
917 2202 1002 2268 capta
1025 2191 1151 2267 quinque

173 2271 264 2330 millia
287 2281 316 2329 et
328 2270 550 2348 quadringenti:
572 2272 678 2348 praeda·
687 2271 744 2338 alia
762 2291 867 2349 magna
881 2282 942 2330 tum
955 2271 1050 2330 omnis
1064 2289 1153 2347 gene·
1184 2291 1188 2294 ·

174 2349 223 2418 ris,
235 2361 295 2408 tum
310 2351 371 2408 auri
385 2351 472 2407 etiarn
487 2351 665 2426 argentique.
706 2351 822 2411 Civium
837 2352 924 2410 etiam
938 2351 1150 2424 Romanorum,

175 2428 223 2502 qui
244 2429 321 2503 capti
344 2429 421 2502 apud
445 2430 541 2486 ltostes
565 2440 657 2496 erant,
682 2448 768 2503 supra
781 2440 902 2504 quatuor
923 2430 1014 2486 millia
1023 2430 1152 2505 capitum

135 2522 166 2562 ne
175 2517 300 2582 recepta.
342 2507 377 2563 Id
391 2506 485 2564 solatii
499 2505 553 2563 suit
566 2525 617 2581 pro
628 2507 739 2564 amissis
751 2527 786 2566 eo
798 2508 899 2583 prcelio
913 2507 1068 2566 militibus:
1083 2527 1152 2565 nam

176 2585 398 2660 haudquaquam
412 2586 566 2643 incruenta
581 2585 698 2643 victoria
712 2585 782 2643 luit:
803 2597 870 2644 octo
884 2585 973 2642 ferme
988 2586 1078 2644 millia
1091 2587 1152 2646 Ro·

174 2684 326 2723 manorum
349 2661 561 2740 sociorumque.
580 2665 687 2722 occisa.
751 2663 893 2740 Adeoque
920 2663 1008 2722 etiarn
1029 2666 1151 2724 victores

120 2793 122 2798 ,
174 2744 324 2822 sanguinis
347 2745 492 2819 cedisque
516 2754 633 2820 ceperat
654 2743 780 2817 satietas,
804 2754 834 2801 ut
856 2753 970 2819 postero
991 2744 1048 2817 die,
1063 2764 1151 2820 quum

174 2829 250 2899 esset
263 2823 427 2882 nuntiatum
441 2824 524 2883 Livio
537 2822 660 2892 consuli,
672 2823 770 2882 Gallos
784 2823 948 2901 Cisalpinos
961 2823 1150 2902 Liguresque,

137 2904 222 2979 ecqui
237 2914 287 2961 ant
299 2904 399 2979 proelio
423 2922 482 2962 non
504 2903 664 2977 affuissent,
688 2914 738 2961 aut
758 2903 833 2962 inter
847 2904 957 2962 caedem
971 2905 1150 2983 effugissent,

173 3001 232 3042 uno
246 2983 362 3059 agmine
387 2982 465 3041 abire
487 2983 550 3042 sine
575 2994 655 3042 certo
679 2985 763 3051 duce,
779 2984 841 3042 sine
856 2983 956 3062 signis,
973 2985 1035 3046 sine
1049 2983 1151 3044 or'dine

170 3061 240 3149 ullo,
256 3072 306 3120 aut
319 3062 455 3138 imperi03
476 3083 571 3139 posse,
585 3064 608 3122 si
623 3083 682 3123 una
696 3063 823 3139 equiturn
838 3064 884 3122 ala
897 3064 1035 3136 mittatur,
1048 3086 1150 3125 omnes

172 3141 282 3212 deleri;
304 3147 323 3174 “
335 3142 515 3218 Supersint,”
530 3143 633 3218 inquit,
656 3144 772 3220 “aliqui
790 3145 895 3219 nuntii,
910 3155 939 3204 et
953 3147 1078 3206 hostium
1092 3148 1163 3206 cla·.

173 3229 193 3257 ‘⁶
205 3221 259 3290 dis,
274 3231 303 3280 et
316 3233 421 3282 nostre
436 3221 576 3280 virtutis.''

136 3399 162 3438 ae
213 3379 261 3436 L..
279 3379 369 3449 Nero,
380 3382 414 3438 ed
428 3393 586 3458 nocteque
601 3395 700 3442 secuta
711 3395 755 3442 est
768 3403 906 3462 pugnam,
917 3385 1048 3444 citatiore
1062 3382 1150 3457 quam

171 3458 241 3518 inde
255 3470 373 3517 venerat
385 3462 512 3537 agmine,
526 3462 574 3519 die
596 3473 675 3521 sexto
690 3465 725 3521 ud
740 3465 842 3523 stativa
856 3485 917 3533 sua,
938 3476 1023 3538 atque
1034 3463 1071 3519 ad
1086 3463 1149 3520 h'os·

74 3609 77 3615 ¹
172 3548 231 3596 tem
245 3538 383 3613 pervenit.
425 3539 484 3598 Iter
503 3540 565 3618 ejus
589 3542 750 3618 frequentia
763 3545 884 3612 minore,
898 3543 966 3618 quia
979 3559 1065 3599 nemo
1079 3560 1151 3616 prae·

172 3627 299 3676 cesserat
312 3619 441 3692 nuntius,
451 3618 548 3678 laetitid
561 3621 627 3680 verb
641 3623 732 3696 tanta,
741 3623 788 3684 vix
802 3633 833 3680 ut
847 3630 993 3696 compotes
1007 3621 1148 3680 mentium
1197 3689 1199 3694 ¹

170 3711 229 3773 prae
253 3697 360 3774 gaudio
383 3710 489 3774 essent,
513 3701 698 3760 celebratum.
711 3713 764 3761 est.
819 3701 897 3766 Nam
919 3700 1023 3757 Romae
1047 3711 1149 3760 neuter

135 3796 161 3836 eo
171 3777 260 3835 animi
274 3776 389 3835 habitus
403 3778 472 3838 setis
486 3780 544 3838 dici
565 3782 749 3856 enarrarique
762 3790 875 3856 potest;
896 3797 1024 3855 necque
1038 3779 1149 3840 incerta

169 3856 385 3935 exspectatione
396 3860 515 3918 eventila
529 3860 630 3997 {quites
643 3861 746 3950 fuerat,
761 3877 888 3934 necque
902 3859 1028 3920 victorie
1042 3860 1148 3918 sarnam
