2556 4314
101 329 139 388 14
198 379 200 383 .
498 328 570 379 ΤΙΤΙ
585 329 673 384 nvn

98 468 149 546 mi,
163 468 331 538 certaminis
354 469 417 529 lirit.
457 469 585 548 Utroque
597 470 718 531 colonie
728 469 844 529 missa:
862 469 959 546 plures
971 469 1074 530 inuen—
1083 533 1111 551 Η

97 549 131 616 ti,
155 549 213 624 qui,
238 560 353 626 propter
374 551 535 609 ubertatem
559 561 652 619 tetrae,
675 552 707 609 in
721 550 941 608 Crustuminum
955 551 1104 609 nomina-⁰

42 630 45 634 ’
98 627 222 709 tarenis
243 639 272 686 et
295 629 423 689 Romam
445 630 513 688 inde
527 631 692 706 frequenter
705 629 861 706 migratum
874 639 928 702 est,
942 648 959 686 a
971 648 1075 705 paren7
1089 619 1109 696 Ξ.

97 705 175 764 tibus
188 708 312 766 maxime
335 727 369 766 ac
383 710 550 785 propinquis
563 720 716 786 raptarum.
757 709 957 767 Novissimum
971 709 1007 766 ab
1022 703 1074 768 Sa·
1089 760 1103 784 ‚

10 799 12 846 ἔ
97 783 175 844 binis
186 787 295 846 bellum
308 798 419 858 ortum3
441 789 587 864 multoque
601 789 631 846 id
645 787 802 849 maximum
816 787 886 844 suit:
908 787 981 844 nihil
995 787 1073 845 enim
1089 791 1104 858 {a

95 881 149 940 per
173 864 245 922 iram
270 877 319 924 cut
332 866 521 943 cupiditatem
542 878 644 933 actum
657 877 719 937 est;
741 885 799 924 neo
811 866 1074 948 ostenderuntvbel·
1089 867 1109 942 Ξ

10 995 12 1024 2
96 941 158 1002 luni
172 944 263 1019 priris,
278 945 364 1019 quarn
386 945 555 1004 intulerunt
596 946 727 1005 Consilio
750 947 837 1004 etiarn
852 946 967 1003 additus
981 945 1110 1003 dolus*

96 1022 147 1098 Sp.
162 1023 307 1098 Tarpejus
318 1023 460 1081 Romanae
473 1036 595 1100 praeerat
608 1027 677 1083 arci.
719 1025 816 1102 Hujus
830 1025 918 1083 liliam
932 1024 1072 1100 virginem

95 1119 166 1159 auro
179 1102 336 1176 corrumpit
350 1102 464 1177 Tatius,
473 1115 505 1162 ut
519 1115 642 1164 armatos
656 1105 686 1162 iu
701 1123 798 1162 arcem
812 1103 954 1179 accipiat:
970 1119 1071 1177 aquarn

96 1178 169 1239 forte
183 1198 218 1237 ea
231 1194 294 1237 tum
307 1182 398 1245 sacris
411 1193 492 1241 extra
505 1185 613 1245 incenia
626 1185 748 1260 petitum
762 1184 844 1242 ierat.
885 1181 1010 1254 Accepti
1024 1180 1073 1238 ob-
1083 1189 1109 1230 10

94 1267 189 1316 rutam
203 1260 290 1322 armis
304 1260 467 1331 neca-vdre3
489 1282 541 1320 seu
555 1265 627 1323 utri
647 1275 732 1340 capta
745 1262 839 1339 potiris
852 1280 903 1318 arx
916 1258 1071 1331 videretur,

94 1355 147 1394 seu
161 1338 301 1413 prodendi
315 1340 439 1415 exempli
453 1345 551 1411 cause,
563 1363 601 1400 ne
614 1343 683 1419 quid
698 1360 817 1417 usquam
831 1339 921 1396 fidum
935 1337 1071 1412 proditori

94 1425 179 1472 esset.
222 1416 347 1476 Additur
362 1418 566 1495 sabaimquud
587 1421 673 1496 vulgo
698 1419 799 1484 Sabini
824 1433 925 1473 aureas
947 1414 1071 1472 armillas
1121 1441 1126 1445 ·

94 1494 193 1569 magni
206 1497 343 1569 ponderis
367 1497 485 1556 brachio
508 1501 589 1572 laevo,
614 1509 830 1574 gemmatosque
852 1494 960 1570 magni
973 1495 1070 1568 specie

95 1573 218 1630 annulos
232 1573 395 1641 habuerint,
410 1577 553 1652 pepigisse
567 1595 642 1642 eam,
657 1575 733 1649 quod
756 1575 787 1632 in
800 1573 924 1630 sinistris
937 1573 1071 1630 manibus
1083 1585 1108 1626 u

94 1650 256 1721 haberent3
277 1651 314 1708 ed
338 1663 420 1709 scuta
441 1654 483 1710 illi
507 1672 558 1728 pro
580 1653 674 1710 aureis
699 1653 783 1710 donis
796 1662 943 1728 congesta.
985 1652 1070 1725 Sunt,

93 1729 144 1804 qui
157 1748 233 1804 eam,
248 1749 283 1788 ex
297 1741 382 1807 pacto
395 1732 528 1789 tradendi
550 1732 627 1807 quod
648 1733 679 1790 in
693 1731 815 1789 sinistris
837 1730 971 1788 menibus
984 1741 1070 1798 esset,

93 1807 205 1868 directo
230 1829 309 1868 arma
332 1810 438 1885 petisse
459 1812 578 1881 dicant3
599 1821 638 1884 et,
663 1811 763 1869 fraude
784 1810 874 1866 visam
898 1827 994 1883 agere,
1018 1811 1080 1866 sud-

93 1886 186 1963 ipsom
209 1899 387 1963 peremptam
408 1891 553 1948 mercede.

150 1995 265 2039 lt=

133 2043 206 2101 XII.
228 2027 366 2100 Tenuere
390 2053 488 2100 tamen
509 2061 607 2101 arcem
629 2041 748 2099 Sabini:
770 2050 855 2116 atque
869 2041 938 2099 inde
956 2050 1107 2118 postero&
1211 2085 1213 2088 -

94 2123 152 2191 die,
167 2141 255 2198 quum
270 2122 423 2180 Romanus
436 2123 581 2182 exercitus
594 2121 763 2188 instructus,
777 2121 853 2194 quod
875 2121 950 2178 inter
966 2109 1071 2179 Palati-

94 2221 166 2261 num
194 2201 448 2276 Capitolinumque
475 2201 698 2275 collemcampi
722 2210 776 2271 est,
800 2199 983 2274 complesset,
1010 2217 1069 2256 non

69 2279 172 2358 =prirls
196 2280 411 2336 descenderunt
434 2279 463 2335 in
489 2297 612 2353 aeqnnm,
626 2279 723 2352 quim,
749 2279 790 2334 irai
804 2287 834 2335 et
857 2277 1015 2353 cupiditate
1028 2296 1073 2334 re-

94 2359 267 2435 cuperandae
282 2357 357 2416 ercis
380 2357 545 2415 stimulante
569 2357 691 2430 animos,
713 2358 743 2414 in
756 2357 919 2413 adversum
943 2356 1071 2414 Romani
1085 2372 1117 2415 μή
1190 2373 1193 2376 ·

94 2437 220 2498 subiere.
262 2437 412 2512 Principes
440 2437 581 2512 utrimque
604 2433 732 2512 pugnam
747 2435 882 2504 ciebant3
904 2435 941 2491 ab
955 2435 1071 2493 Sabinis
1080 2450 1107 2489 25

94 2516 206 2574 Mettus
227 2516 356 2589 Curtius,
371 2517 407 2572 ab
430 2515 575 2573 Romanis
598 2516 709 2574 Hostus
733 2515 884 2573 Hostilius.
927 2514 986 2570 Hic
1010 2533 1071 2570 rein
1134 2585 1136 2588 Ι

94 2595 261 2657 Romanam
275 2596 373 2671 iniquo
394 2596 458 2652 loco
480 2596 622 2671 adprime
643 2595 727 2672 signa
740 2595 837 2651 animo
851 2603 938 2668 atque
950 2593 1082 2652 audacia.

94 2676 264 2735 sustinebat.
306 2675 346 2732 Ut
365 2676 475 2734 Hostus
488 2675 606 2749 cecidit,
621 2674 773 2732 confestim
795 2673 931 2731 Romana
952 2672 1073 2729 inclina·
1133 2717 1135 2720 .

95 2764 142 2812 tur
156 2755 234 2810 acies
246 2774 255 2822 3
270 2754 389 2828 fusaque
403 2765 447 2811 est
458 2755 494 2811 ad
506 2765 631 2812 veterem
643 2765 752 2828 portam
764 2752 876 2808 Palatii.
918 2751 1072 2822 Romulus

64 2817 70 2864 ·²
98 2842 128 2890 et
154 2832 215 2907 ipse
229 2833 312 2889 turbt
331 2829 511 2907 'fugientium
539 2843 630 2898 actus,
659 2849 739 2887 arma
765 2829 801 2884 ad
828 2827 933 2884 coelum
960 2827 1107 2899 tollens,³0

53 2919 57 2925 “
97 2921 116 2948 “
126 2910 249 2986 Jupiter,
284 2909 372 2976 tuis‚'’
404 2910 507 2985 inquit,
536 2911 664 2985 “jussus
692 2907 793 2968 avibus
827 2904 876 2962 hic
903 2905 935 2962 in
962 2904 1073 2964 Palatio

96 2994 116 3022 “
126 2989 219 3065 prima
232 2988 296 3044 urbi
318 2987 506 3044 fundamenta
526 2987 593 3062 jeci.
636 2986 745 3042 Arcem
764 2984 834 3059 jam,
858 2983 968 3040 scelere
994 3003 1073 3060 cmp-

97 3078 198 3140 “tam,
224 3066 326 3124 Sabini
349 3067 476 3137 habent:
507 3065 576 3122 inde
601 3065 658 3120 huc
683 3063 794 3130 armati,
819 3064 950 3138 superati
979 3063 1074 3120 medii
1143 3079 1149 3090 ‘

10 3179 11 3182 =
96 3151 116 3180 “
127 3145 210 3218 valle,
231 3145 363 3202 tendunt.
415 3145 456 3201 At
479 3153 521 3211 tu,
542 3142 628 3200 Pater
647 3141 742 3198 Derim
763 3141 980 3216 hominumque,
1004 3142 1074 3201 hinc
1166 3205 1170 3213 ⁸
1267 3149 1268 3168 *

99 3225 231 3284 “saltem
255 3242 322 3280 arce
347 3224 462 3280 hostes:
491 3222 575 3279 deme
602 3232 740 3279 terrorem
766 3220 928 3290 Romanis;
964 3220 1109 3296 sugam-as
1142 3231 1143 3240 ¹

85 3309 185 3378 ,t‘que
209 3303 317 3359 loedam
337 3301 414 3358 siste.
457 3301 516 3359 Hic
539 3319 594 3376 ego
622 3299 675 3357 tibi
701 3299 840 3376 templum
867 3299 974 3356 Statori
997 3299 1073 3367 lovi,

99 3388 119 3416 “
130 3382 205 3457 quod
219 3380 490 3456 monumentum—sit
503 3380 633 3460 posteris,
648 3379 697 3436 tud
716 3379 851 3454 praesenti
864 3397 918 3454 ope
932 3388 1074 3436 servatam

100 3461 233 3520 “urbem
257 3479 332 3528 esse,
357 3461 473 3518 voveo.”
516 3460 589 3517 Haec
610 3469 756 3536 precatus,
778 3457 865 3514 veluti
888 3457 912 3514 si
936 3455 1075 3515 sensisset

99 3541 213 3600 auditas
225 3558 337 3615 preces,
360 3549 378 3576 ‘⁶
388 3539 498 3612 Hinc,’'
514 3537 614 3614 iuquit,
629 3543 648 3570 “
660 3537 798 3610 Romani,
812 3535 925 3611 Jupiter
939 3536 1076 3612 Optimus

79 3640 84 3650 ·
101 3619 279 3679 “Maximus
302 3619 435 3676 resistere
457 3629 549 3693 atque
563 3619 666 3676 iterare
686 3635 813 3693 pugnam
825 3615 936 3692 jubet.’'
979 3615 1109 3672 Resti-to

100 3701 161 3768 tere
175 3698 313 3766 Romani,
328 3709 473 3774 tamquam
494 3697 603 3762 coelesti
617 3715 687 3754 voce
699 3696 771 3773 jussi
783 3715 791 3751 ε
812 3695 873 3770 ipse
886 3695 923 3751 ed
936 3693 1075 3769 primores

100 3777 247 3838 Romulus
259 3777 395 3866 provolat.
437 3776 547 3836 Mettus
570 3776 690 3836 Curtius
711 3775 747 3834 ab
761 3774 878 3834 Sabinis
890 3773 1025 3850 princeps
1038 3771 1076 3828 ab
