2556 4314
970 185 1000 222 ff

103 299 141 356 re
270 285 279 296 '
501 299 573 352 riri
587 257 676 352 nvn

101 440 142 498 tio
165 438 218 498 virl
241 449 271 498 et
293 457 380 516 pavor
393 453 520 518 presens
534 441 704 502 nobilitavit.
746 443 876 502 Consilio
889 445 977 504 etiam
990 447 1093 506 uuius-

9 551 10 554 ¹
99 519 227 578 liminis
248 521 347 596 addite
369 522 411 580 rei
425 522 531 580 dicitur
539 523 634 580 tides:
664 541 787 597 namque
810 524 950 582 Proculus
971 522 1077 594 Julius,

9 647 12 680 ,
100 595 225 659 solliciti
245 600 361 658 civitate
381 595 525 658 desiderio
545 601 637 678 regis,
656 611 686 658 et
711 601 836 658 infensa·
851 598 993 676 Patribus,
1015 623 1079 680 gra-

100 676 153 750 vis,
167 687 200 734 ut
223 679 353 746 traditur,
369 680 499 754 quamvis
519 697 634 756 magne
655 680 697 736 rei
723 691 835 754 auctor,
849 682 879 737 in
905 682 1078 740 concionem
1267 709 1268 740 t

99 757 204 830 prodit.
246 763 265 790 ‘⁴
277 757 450 830 Romulus,''
465 758 567 832 iuquit,
584 767 603 795 ‘⁶
614 757 759 831 Quirites,
771 777 876 834 parens
889 760 969 818 urbis
983 761 1079 838 hujus,
1098 765 1113 808 ⁵

102 835 224 911 “prima
238 836 377 893 hodierne
398 837 464 894 luce
485 836 559 894 colo
583 837 701 911 repente
725 837 869 913 delapsus,
892 859 923 895 se
944 841 1016 897 mihi
1029 841 1078 898 ob-

102 923 121 950 “
133 914 211 971 vium
225 913 322 972 dedit:
337 933 436 988 quum,
446 915 579 990 perfusus
593 916 709 974 horrore
723 917 1014 994 venerabundusque,
1026 921 1078 976 ad·

9 1055 12 1072 ¹
100 992 278 1064 “stitissem,
301 1004 404 1066 petens
426 994 572 1068 precibus,
595 1005 629 1050 ut
655 997 757 1053 contra
780 995 886 1055 intueri
911 997 954 1054 tas
981 1009 1076 1068 eseet;

9 1085 10 1092 ’
101 1079 120 1108 “
134 1071 221 1138 ‘Abi,
246 1071 369 1138 nuntie‚’
393 1071 496 1146 inquit,
522 1072 695 1146 ‘Romania
710 1074 852 1132 Coelestes
873 1076 913 1133 ita
937 1076 1020 1144 velle,
1045 1088 1077 1134 ut

57 1199 58 1202 ,
77 1199 79 1203 .
100 1154 119 1181 “
132 1159 218 1208 ‘mea
230 1150 328 1224 Roma
342 1160 430 1226 caput
441 1152 520 1210 orbis
531 1162 673 1210 terrarum
686 1153 741 1210 sit:
763 1155 883 1229 proinde
897 1175 959 1214 rem
973 1156 1076 1216 milita-
1086 1169 1111 1208 ru

99 1233 118 1265 “
132 1238 139 1265 ‘
151 1247 213 1286 rem
227 1229 342 1301 colant:
357 1230 517 1305 sciantque,
533 1242 562 1288 et
575 1231 616 1288 ita
628 1232 750 1307 posteris
763 1233 993 1306 tradant,nullas
1006 1254 1076 1311 opes

100 1317 120 1345 “
133 1309 292 1369 ‘hummas
306 1309 393 1366 armis
404 1309 549 1367 Romanis
562 1311 695 1368 resistere
705 1313 810 1386 posse)
852 1314 958 1381 Haec·,’'
972 1314 1075 1388 inquit,

100 1397 119 1426 “
130 1387 254 1456 locutus,
274 1388 405 1446 sublimis
426 1388 527 1446 abiit.'’
568 1389 688 1459 Mirum,
702 1402 842 1465 quantum
863 1393 904 1450 illi
918 1393 988 1460 viro,
1003 1412 1077 1450 nun-

97 1465 181 1523 tianti
195 1467 269 1534 haec,
284 1465 352 1523 fidei
377 1467 480 1538 fuerit3
501 1466 643 1543 quemque
668 1470 843 1528 desiderium
865 1471 985 1529 Romuli
1000 1472 1076 1547 apud

97 1545 212 1622 plebem
233 1546 460 1620 exercitumque,
475 1547 553 1606 factat
571 1547 628 1608 fide
649 1548 879 1625 immortalitatis,
893 1551 1111 1612 lenitumsit.1⁵

185 1648 212 1703 (7

136 1707 238 1772 XVII.
260 1707 378 1767 Petrum
402 1708 518 1767 iuterim
535 1708 646 1768 animos
658 1720 807 1768 certamen
821 1709 905 1786 regui
920 1730 955 1768 ec
969 1711 1076 1786 cupido

97 1789 248 1845 versabat:
269 1807 325 1845 nec
348 1789 417 1845 dum
439 1807 457 1845 a
478 1788 609 1864 singulis,
624 1791 692 1864 quia
705 1809 791 1847 nemo
805 1808 981 1865 magnopere
1006 1789 1076 1846 emi·

96 1867 186 1923 nebat
204 1867 234 1922 in
248 1885 322 1924 novo
336 1869 450 1943 populo,
472 1879 662 1943 pervenerant
676 1869 833 1926 factiones:
862 1868 936 1924 inter
958 1867 1075 1924 ordines

97 1945 270 2002 certabatur.
311 1945 438 2004 Oriundi
463 1947 499 2004 ab
525 1945 651 2019 sabinis,
673 1965 720 2019 ne,
745 1947 812 2021 quia
826 1955 890 2020 post
903 1945 984 2003 Tatii
1000 1965 1074 2003 mor·

61 2035 79 2048 ··
97 2034 156 2082 tem
171 2025 207 2080 ab
221 2025 272 2080 sud
284 2035 365 2099 parte
386 2046 444 2084 non
468 2036 530 2083 erat
542 2037 705 2102 regnatum,
720 2025 750 2082 in
765 2025 902 2082 societate
917 2027 998 2100 aequd
1011 2039 1074 2101 pos·
1083 2027 1111 2068 2⁰

65 2101 255 2161 ssessionem
279 2099 392 2180 imperii
416 2105 591 2178 amitterent,
604 2105 649 2162 sui
667 2105 795 2180 corporis
806 2105 901 2162 'creari
914 2123 1013 2180 regem
1028 2123 1075 2162 vu·

95 2182 204 2240 lebant
245 2183 373 2242 Romani
389 2195 500 2242 veteres
510 2185 803 2260 peregrinumregem
816 2184 1072 2258 adspemabautur.

96 2261 133 2320 In
147 2262 233 2319 variis
247 2263 450 2334 voluntatibus,
466 2265 581 2338 regnari
603 2274 699 2320 tamen
713 2281 815 2320 omnes
828 2262 972 2328 volebant,
987 2261 1073 2317 liber-

96 2341 164 2398 tatis
185 2341 341 2399 dulcedine
365 2342 493 2398 nondum
508 2342 636 2415 expertri.
678 2341 781 2396 Timor
795 2340 902 2396 deinde
916 2339 1017 2400 Patres
1030 2340 1074 2397 in·
1099 2401 1107 2421 θ

97 2421 195 2488 cessit,
209 2440 247 2477 ne
262 2421 406 2478 civitatem
421 2419 483 2476 sine
497 2419 627 2493 imperio,
642 2415 802 2476 exercitum
823 2418 886 2475 sine
900 2419 986 2487 duce,
1001 2419 1110 2476 mul-2⁵

89 2506 190 2558 ‘turum
212 2498 292 2557 circel
312 2498 471 2556 civitatium
495 2497 612 2554 irritatis
628 2497 747 2568 animia,
771 2497 814 2552 vis
837 2496 932 2571 aliqua
954 2507 1074 2554 externa

97 2580 278 2638 adoriretur:
299 2588 328 2634 et
349 2595 412 2634 esse
434 2575 521 2652 igitur
544 2575 657 2650 aliquod
672 2584 760 2649 caput
772 2575 923 2650 placebam
944 2587 974 2632 et
987 2593 1073 2632 nemo

97 2658 179 2716 alteri
193 2658 355 2715 concedere
380 2657 410 2714 in
432 2656 561 2714 animum
582 2655 748 2723 inducebat.
790 2654 837 2712 Ita
860 2655 1020 2712 remtinter
1042 2673 1073 2712 se

98 2748 216 2794 centum
231 2735 340 2807 Patres,
355 2736 458 2792 decem
482 2735 610 2792 decuriis
631 2733 725 2806 sactis,
739 2733 962 2810 singulisque'in
976 2734 1074 2808 singu·
1116 2787 1120 2796 ,
1170 2744 1172 2748 ”

77 2815 140 2872 las
166 2810 301 2875 decurias
329 2813 444 2884 creatis,
471 2812 520 2886 qui
547 2831 666 2868 summae
691 2828 787 2870 rerum
811 2822 977 2888 preessent,
1005 2827 1109 2868 con-au

98 2893 228 2952 sociant:
263 2891 366 2947 decem
388 2890 610 2966 imperitabant3
640 2909 716 2950 uuus
737 2909 805 2948 cum
832 2890 995 2967 insignibus
1022 2889 1074 2947 im·

97 2973 170 3050 perii
192 2981 221 3028 et
242 2968 392 3027 lictoribus
412 2979 492 3024 erat:
523 2967 649 3044 quinque
674 2970 786 3028 dierum
807 2971 899 3046 spatio
920 2970 1121 3053 finiebatur?

98 3051 263 3126 imperium,
278 3067 312 3105 ac
326 3067 376 3123 per
397 3066 499 3106 omnes
520 3047 551 3109 iu
572 3049 670 3107 orbem
685 3049 763 3107 ibat:
786 3069 972 3124 annuumque
986 3049 1074 3107 iuter·
1090 3057 1104 3122 {a

99 3131 205 3187 vallum
229 3127 312 3202 regni
333 3126 396 3184 luit.
437 3125 472 3182 Id
487 3126 568 3188 abre
586 3127 677 3206 (quod
701 3146 781 3187 nunc
804 3146 916 3201 quoque
930 3137 1011 3186 tenet
1023 3137 1110 3202 ιιο-ξιι
1142 3181 1144 3186 .

99 3207 408 3286 menlinterregnum
435 3205 617 3282 appellatum.
654 3205 815 3265 .Fremere
849 3204 955 3262 deinde
981 3204 1103 3280 plebe„

100 3286 321 3362 multiplicatam
345 3285 522 3358 servitutem,
545 3295 663 3343 centum
684 3303 734 3360 pro
747 3301 807 3340 uno
820 3281 951 3340 dominos
965 3282 1073 3341 factost
1090 3283 1104 3348 ὲ

101 3385 157 3424 nec
180 3364 256 3423 ultrrl
279 3365 336 3422 nisi
349 3383 459 3442 regem,
474 3375 503 3422 et
526 3363 562 3424 ab
584 3364 653 3439 ipsis
674 3372 813 3429 ereetum,
827 3360 998 3438 videbantur
1011 3364 1110 3438 pus-53¹

101 3445 169 3504 suri.
210 3445 312 3506 Quum
327 3444 485 3502 sensissent
496 3461 532 3500 ea
555 3441 663 3499 moveri
677 3441 786 3513 Patres,
807 3439 986 3499 offerendum
1000 3441 1075 3502 ultro
1084 3439 1112 3472 ‘⁴

101 3525 166 3598 rati,
180 3525 256 3600 quod
271 3523 403 3580 amissuri
426 3532 519 3594 erant,
532 3521 573 3577 ita
584 3530 586 3533 ’
594 3519 716 3595 gratiam
730 3519 842 3593 ineunt,
857 3523 968 3578 summa
981 3531 1076 3597 potes·

101 3614 160 3662 tate
174 3603 278 3680 populo
291 3600 439 3676 permissi,
452 3611 485 3657 ut
508 3618 566 3658 nou
581 3599 760 3675 plauderent
770 3600 853 3676 juris,
866 3598 952 3675 quem
965 3601 1075 3658 deduc·
1084 3622 1110 3661 ιο

102 3693 186 3742 reutr
208 3684 398 3740 decreverunt
421 3679 509 3746 euim,
524 3688 566 3751 ut,
579 3697 667 3752 quum
688 3680 809 3755 populus
823 3698 922 3756 regem
933 3679 1073 3755 jussisset,

103 3762 134 3822 id
147 3762 190 3824 aic
204 3773 299 3822 ratum
312 3768 397 3829 esset,
412 3757 437 3818 si
460 3757 560 3818 Patres
583 3768 714 3846 auctores
735 3755 856 3845 fierent:
878 3753 1081 3838 ioannes„
1126 3820 1130 3826 γ
