2520 4310
96 285 155 348 ιω
344 345 347 350 ,
494 283 564 333 τιτι
581 281 668 332 mvn

95 447 196 506 rogare
210 427 396 503 interpretem
408 425 503 503 jussit,
517 425 626 502 ecquis,
641 425 665 482 si
679 423 802 483 vinculis
815 423 971 494 levaretur,
979 416 1076 488 arma·

95 526 152 584 que
165 519 195 566 et
202 526 309 582 equum
321 507 411 564 victor
423 506 578 581 acciperet,
590 507 738 562 decertare
750 503 825 562 terro
839 505 949 562 vellet?
970 506 1073 568 Quum

96 588 133 645 ad
148 607 237 645 unum
251 605 353 644 omnes
374 586 480 643 serrum
494 603 677 662 pugnamque
695 595 858 660 poscerent,
873 595 903 642 et
916 586 1030 662 dejecta
1042 589 1074 646 in
1107 595 1115 606 ‘
1157 599 1170 620 ⁹

3 659 5 710 l
96 665 127 724 id
149 685 210 723 sors
234 676 319 732 esset,
345 685 376 722 se
396 665 517 740 quisque
541 683 608 722 eum
630 665 756 739 optabat,
770 683 857 738 quem
872 663 988 722 fortuna
1001 666 1032 723 in
1046 667 1075 724 id
1106 681 1109 688 ’

97 759 245 804 certamen
259 745 377 820 legeret.
419 744 459 802 Ut
479 745 619 820 cujusque
633 763 693 800 sors
707 743 868 815 exciderat,
880 743 987 812 alacer,
1001 745 1110 804 intere

96 825 274 902 gratulantes
297 824 405 900 gaudio
428 824 588 895 exsultans,
610 841 676 880 cum
689 823 733 880 sui
748 823 835 879 moris
850 823 983 898 tripudiis
997 842 1077 883 arma

96 904 201 979 raptim
215 903 356 978 capiebat.
397 903 455 960 Ubi
469 901 535 960 verb
548 903 731 974 dimicarent,
745 901 770 957 is
784 901 900 958 habitus
914 903 1077 962 animorum
1162 959 1166 964 .

96 1000 156 1042 non
171 983 246 1040 inter
259 983 388 1059 ejusdem
403 981 489 1039 modo
503 981 679 1039 conditionis
692 981 825 1038 homines
838 992 909 1048 erat,
922 983 973 1038 sed
988 982 1075 1041 etiam

97 1060 172 1120 inter
187 1072 350 1137 spectantes
363 1059 457 1136 vulgo,
472 1071 503 1117 ut
517 1080 575 1117 non
591 1060 768 1118 vincentium
783 1060 886 1137 magis,
899 1061 985 1136 quam
1000 1062 1073 1120 bene

97 1141 292 1213 morientium,
307 1140 421 1198 fortuna
434 1140 607 1203 laudaretur.
1083 1154 1109 1194 10
1156 1212 1159 1216 .

30 1324 34 1336 ·
49 1247 76 1372 ll
109 1355 110 1358 ,
137 1297 252 1362 XLIII.
275 1299 353 1356 Dum
368 1298 410 1356 sic
425 1298 531 1373 aliquot
545 1296 681 1373 spectatis
691 1298 810 1373 paribus
823 1297 941 1356 affectos
951 1297 1075 1356 dimisis-

97 1387 150 1444 set,
173 1379 314 1436 concione
339 1379 407 1435 inde
429 1378 578 1444 advocatia,
603 1378 643 1434 ita
662 1379 738 1452 apud
760 1397 810 1435 cos
830 1378 951 1434 locutus
967 1378 1074 1436 fertur:
1092 1373 1098 1380 ’

98 1465 117 1494 ⁸⁶
128 1458 169 1524 Si,
184 1477 270 1532 quem
294 1457 425 1514 animum
438 1457 468 1514 in
487 1457 588 1513 alienae
603 1457 686 1514 sortis
699 1457 831 1532 exemplo
844 1457 931 1532 paulo
947 1459 1013 1515 ante
1028 1458 1077 1514 ha-

98 1536 240 1616 “buistis
256 1537 390 1594 eumdem
415 1556 482 1594 mox
495 1537 524 1594 in
540 1536 710 1595 aestimandd
733 1536 846 1594 fortunat
871 1537 965 1593 vestra
987 1537 1076 1594 habu·
1170 1575 1174 1578 -

98 1618 117 1647 “
130 1616 220 1688 eritis,
244 1617 375 1688 vicimus,
400 1616 524 1672 militesz
546 1635 640 1690 neque
664 1615 743 1672 enim
767 1617 968 1690 spectaculum
991 1613 1109 1674 modae

99 1702 118 1730 “
131 1694 212 1768 illud,
227 1697 277 1760 sed
301 1695 433 1769 quaedam
456 1695 544 1752 veluti
567 1695 662 1770 imago
685 1706 786 1752 vestrae
811 1696 986 1753 conditionis
1007 1705 1075 1752 erat.

98 1774 178 1830 “Ac
210 1775 310 1832 nescio
334 1794 371 1831 an
400 1774 508 1850 majora
535 1775 651 1831 vincula
680 1775 858 1850 majoresque
888 1775 1076 1833 necessitates

99 1859 119 1888 “
131 1854 221 1920 vobis,
236 1855 322 1931 quim
336 1855 456 1929 captivis
471 1855 585 1925 vestris,
596 1854 724 1910 Fortuna
738 1854 968 1910 circumdederit.
989 1851 1075 1911 ·Dex·'

99 1939 119 1968 “
131 1932 175 1988 trai
197 1933 325 2008 laevalque
350 1935 408 1991 duo
422 1933 512 1990 maria
536 1933 686 2010 claudunt,
697 1933 819 1999 nullam,
833 1953 870 1989 ne
884 1934 919 1989 ad
934 1933 1074 2009 effugium

99 2013 118 2041 “
128 2011 256 2084 quidem,
271 2031 375 2069 navem
397 2012 589 2069 habentibus:
614 2011 721 2092 [circa]
743 2012 840 2069 Padus
860 2013 963 2085 amniS,
985 2013 1112 2088 majora

99 2088 225 2146 “Padus
240 2109 274 2146 ac
291 2090 440 2147 violentior
461 2092 607 2148 Rhodano
619 2112 627 2160 3
650 2091 686 2148 ab
698 2103 782 2168 tergo
796 2093 886 2166 Alpes
900 2103 1015 2166 urgent,
1029 2092 1077 2149 vix

99 2166 249 2243 “integris
263 2169 342 2224 vobis
357 2188 391 2225 ac
406 2171 569 2245 vigentibus
583 2172 719 2229 transitae.
761 2171 819 2227 Hic
834 2171 1010 2228 vincendum
1028 2181 1077 2228 aut

100 2254 119 2282 ‘⁴
131 2249 322 2319 moriendum,
347 2249 462 2321 militae,
476 2256 530 2316 est,
545 2251 595 2306 ubi
609 2250 735 2326 primdm
753 2250 824 2307 hosti
838 2249 1024 2306 occurristis:
1045 2259 1077 2306 et

99 2327 231 2382 “eadem
246 2327 369 2394 fortuna,
384 2347 446 2401 qrrae
461 2329 664 2386 necessitatem
678 2329 826 2404 pugnandi
845 2328 992 2402 imposuit,
1005 2345 1078 2404 prae·

100 2407 117 2436 “
129 2404 188 2465 mia
202 2405 281 2462 vobis
294 2425 329 2462 ea
343 2405 498 2463 victoribus
512 2409 653 2482 proponit,
675 2409 779 2485 quibus
794 2405 931 2482 ampliora
944 2407 1113 2464 hominesue

100 2490 166 2541 “ne
181 2485 217 2540 ab
232 2485 296 2544 Diis
309 2485 425 2558 quidem
447 2487 655 2544 immortalibus
675 2498 773 2562 optare
790 2487 892 2544 solent.
935 2485 967 2542 Si
982 2482 1078 2546 Sicili·
1131 2546 1134 2550 ,

100 2557 175 2622 “'am
191 2566 300 2622 tantdm
317 2583 356 2620 ac
372 2565 545 2632 Sardiniam,
566 2565 734 2640 parentibus
752 2561 857 2622 nostris
871 2577 994 2640 ereptas,
1013 2585 1078 2624 nos·

100 2646 118 2674 “
130 2647 173 2700 tra
188 2645 290 2701 virtute
304 2644 500 2718 recuperaturi
525 2663 663 2716 essemus,
683 2645 752 2701 satis
767 2657 863 2701 tamen
879 2645 973 2719 am'pla
987 2645 1078 2720 pretia
1108 2689 1111 2692 -

101 2729 120 2759 “
133 2735 238 2780 essent.
279 2723 431 2796 Quidquid
454 2721 580 2783 Romani
604 2734 644 2780 tot
658 2723 811 2798 triumphis
830 2735 942 2798 partum
957 2743 1078 2800 conges-

102 2809 251 2874 “tumque
265 2801 422 2874 possident,
438 2802 466 2857 id
491 2822 577 2858 omne
588 2805 715 2859 'vestrum
735 2821 803 2858 cum
819 2803 888 2877 ipsis
902 2803 1025 2859 dominis
1037 2803 1078 2861 su·
1088 2818 1114 2860 ³0

102 2883 120 2910 ‘¹
132 2889 226 2934 turum
248 2890 300 2934 est.
342 2879 377 2936 In
403 2881 479 2937 banc
504 2890 562 2938 tam
577 2882 701 2956 opimam
716 2883 893 2953 mercedem,
909 2881 994 2958 agite,
1009 2901 1077 2942 oum

102 2964 121 2996 “
133 2955 202 3034 Diis
213 2956 286 3012 bene
305 2957 472 3032 juvantibus
491 2980 570 3017 arma
594 2961 698 3036 capite.
741 2961 818 3017 Satis
837 2961 978 3034 adhucin
992 2961 1078 3019 vastis

103 3034 289 3092 “Lusitaniae
313 3036 534 3112 Celtiberiaeque
562 3040 717 3112 montibus,
739 3059 844 3114 pecora
871 3042 1078 3118 COFEQQSlQ

103 3113 244 3170 “nullum
263 3116 489 3173 emolumentum
511 3129 553 3175 tot
567 3118 695 3177 laborum
710 3119 960 3194 periculorumque
975 3129 1080 3178 vestro·

103 3196 194 3250 “rum
221 3193 349 3250 vidistis:
378 3206 491 3271 tempus
510 3209 553 3253 est
572 3198 642 3272 jam,
668 3199 804 3273 opulenta
825 3216 874 3253 vos
896 3217 930 3253 ac
945 3198 1018 3256 ditia
1032 3199 1114 3256 sti-aa

103 3279 122 3308 ⁸‘
133 3271 239 3348 pendia
254 3271 358 3340 lacere,
370 3286 400 3332 et
412 3295 518 3352 magna
531 3296 625 3351 operm
640 3279 730 3352 pretia
745 3277 858 3344 mereri,
869 3287 982 3334 tantum
997 3278 1081 3336 itine-

103 3353 122 3382 “
134 3351 173 3408 ris
187 3371 237 3426 per
248 3361 292 3408 tot
303 3366 414 3412 montes
435 3355 610 3432 fluminaque
625 3368 653 3414 et
674 3368 714 3415 tot
728 3369 851 3415 armatas
865 3367 969 3433 gentes
982 3375 1080 3415 ernen-

103 3436 191 3488 “sus
233 3431 292 3487 Hic
318 3433 396 3490 vobis
420 3435 574 3492 terminum
598 3437 729 3494 laborum
752 3438 881 3495 Fortuna
905 3437 1002 3493 dedit:
1033 3437 1081 3494 hic

104 3517 123 3546 ‘⁴
135 3511 254 3586 dignam
272 3512 436 3582 mercedem
459 3515 588 3594 ertip
606 3517 757 3591 stipendiis
771 3517 859 3574 dabit.
901 3515 978 3582 Nec,
994 3513 1081 3590 quam

105 3593 122 3619 ‘¹
134 3591 232 3664 magni
246 3590 371 3648 numinis
386 3591 559 3660 bellum'est,
579 3606 636 3652 tarn
651 3588 1011 3652 difficilem-existImdritis
1025 3595 1082 3660 rio-
1092 3613 1117 3652 rc

105 3673 124 3701 “
135 3668 237 3724 toriam‘
252 3669 320 3726 sore.
363 3671 446 3744 Saepe
470 3669 501 3742 et
523 3682 704 3747 contemptus
719 3675 807 3731 bostis
821 3685 976 3732 cruentum
990 3683 1081 3731 certa·

104 3748 203 3800 “men
227 3747 327 3817 edidit,
352 3761 382 3808 et
401 3747 502 3826 inclyti
523 3750 620 3826 populi
644 3769 784 3828 regesque
804 3754 1081 3831 perlevi'momento
