2556 4314
142 298 200 358 142
303 286 306 294 '
544 300 615 350 mm
630 298 718 350 nrvrr

140 447 159 476 ‘⁴
171 442 202 501 iu
223 463 270 502 me
295 444 422 504 audeant
442 443 578 502 inimicil
610 462 649 502 aa
673 444 783 502 exitum
797 442 893 502 Cassii
912 443 1059 521 Meliique
1073 465 1125 508 ex·

141 525 301 600 “spectem
314 526 325 581 l
367 523 448 582 Bene
463 524 567 597 facitis,
586 524 663 599 quod
677 523 903 585 abominamini:
926 523 976 582 Dii
988 527 1124 601 prohibe-

141 603 246 660 “bunt
259 605 342 663 haec:
364 605 415 662 sed
430 623 576 679 nunquam
598 615 713 680 propter
726 623 773 662 mc
791 604 829 660 de
843 603 917 662 coelo
931 604 1122 666 descendent.

141 681 265 740 “Vobis
286 684 357 742 dent
380 694 518 753 mentem,
542 694 663 760 oportet,
687 691 720 742 ut
742 682 938 759 prohibeatis:
960 684 1037 744 sicut
1050 687 1123 750 mihi

140 764 160 798 “
172 763 316 822 dederunt
337 773 446 823 armato
466 773 630 840 togatoque,
652 773 685 822 ut
704 783 755 821 vos
768 782 786 820 a
798 763 928 822 barbaris
949 764 1123 839 hostibus,a
1145 780 1160 820 ι
1267 843 1268 848 ¹

141 844 303 918 “superbis
324 843 511 902 defenderem
535 843 656 902 civibus.
697 843 775 901 Tam
798 861 903 918 parvus
917 843 1036 901 animus
1049 845 1122 904 tanti

141 923 160 954 “
172 923 270 998 populi
284 933 337 996 est,
351 933 383 980 ut
404 942 516 1000 semper
530 923 611 980 vobis
625 922 764 982 auxilium
777 923 915 982 adversus
928 923 1066 982 inimicos
1078 943 1123 984 sa·

140 1002 208 1059 “tis
222 1003 276 1072 sit;
298 1021 354 1060 nec
379 1002 479 1070 ullum,
503 1002 560 1059 uisi
584 1002 728 1076 quatenus
749 1002 883 1078 imperari
907 1003 987 1060 vobis
1008 1003 1121 1078 sinatis,

70 1135 71 1138 ,
141 1082 160 1111 “
171 1091 319 1139 certarnen
341 1080 478 1141 adversus
494 1081 602 1139 'Patres
616 1081 740 1139 nbritisl
782 1082 850 1139 Nec
864 1083 919 1139 hoc
933 1084 1037 1140 naturai
1051 1083 1123 1141 insi·

112 1190 117 1200 ·
140 1167 160 1198 “
171 1169 232 1218 tum
254 1160 335 1218 vobis
354 1169 408 1235 est,
433 1161 484 1218 sed
500 1179 553 1218 ιιιιι
574 1161 771 1236 possidemini.
814 1161 876 1220 Cur
889 1161 967 1218 enirn
981 1163 1121 1221 adversus
1132 1178 1158 1218 ro

140 1242 304 1298 “externos
317 1250 429 1300 tantmn
443 1240 605 1298 animorum
615 1240 725 1316 geritis,
736 1252 769 1298 ut
781 1241 925 1316 imperare
938 1240 994 1298 illis
1006 1259 1121 1316 aequum

140 1321 159 1350 “
171 1319 338 1378 censeatisl
360 1321 427 1396 quia
450 1319 612 1378 consuestis
636 1338 705 1378 cum
729 1319 773 1378 eis
794 1340 847 1396 pro
861 1319 982 1396 imperio
997 1331 1118 1392 certare,

140 1405 159 1434 “
171 1399 307 1460 adversus
321 1401 373 1457 hos
396 1410 508 1458 tentare
529 1399 632 1475 magis,
645 1397 732 1473 quarn
746 1400 831 1473 tueri,
845 1400 1018 1458 libertatem.
1060 1401 1120 1458 Ta·

140 1485 241 1536 “men
264 1480 489 1554 qualescumque
507 1480 611 1536 vduces
635 1479 784 1548 habuistis,
812 1479 1038 1556 qualescumque
1066 1479 1120 1555 ipsi

89 1584 91 1588 ·
139 1556 276 1632 .“.fuistis‚
297 1560 395 1618 omnia
416 1559 523 1632 adhuc,
543 1569 776 1634 quantacumque
798 1559 920 1635 petistis,
944 1559 1119 1633 obtinuistis,
1131 1577 1158 1618 15

139 1639 224 1696 “seu
248 1638 283 1711 vi,
309 1658 360 1697 seu
383 1638 498 1698 fortuna
521 1639 624 1696 vestra.
672 1637 806 1714 Tempus
827 1650 881 1708 est,
902 1639 990 1696 etiam
1011 1639 1121 1716 majora
1189 1633 1199 1648 “

140 1718 279 1778 taenara
320 1718 501 1795 Experimini
524 1716 612 1778 modd
636 1727 666 1776 et
688 1728 812 1777 vestram
827 1718 1005 1786 felicitatem,
1020 1731 1050 1775 et
1070 1737 1119 1778 me

138 1798 160 1841 -“
173 1795 220 1870 (ut
232 1799 328 1878 spero)
344 1798 465 1856 feliciter
478 1807 646 1874 expertum:
668 1797 779 1856 minore
793 1798 918 1874 negoti0,
932 1798 981 1872 qui
995 1797 1120 1872 imperet
1138 1800 1141 1804 ’

141 1874 313 1944 “Patribus,
337 1877 501 1953 imponetis,
522 1875 620 1952 quam,
641 1877 690 1952 qui
711 1877 879 1936 resisterent
898 1877 1120 1952 imperantibus,

141 1960 161 1989 “
172 1953 357 2030 imposuistis.
398 1956 467 2014 Solo
481 1957 628 2031 aequandae
636 1965 705 2014 sunt
717 1957 868 2016 dictaturae
881 1957 1118 2033 consulatusque,
1129 1975 1157 2018 ao

139 2035 158 2063 “
171 2043 203 2090 ut
217 2044 304 2110 capnt
317 2035 445 2094 attollere
459 2035 596 2094 Romana
608 2036 708 2113 plebes
720 2037 818 2114 possit.
860 2036 986 2096 Proinde
1000 2038 1117 2110 adeste3

141 2113 321 2191 “prohibete
339 2115 437 2194 jus'de
450 2117 584 2194 pecuniis
597 2117 657 2176 dici
670 2137 677 2176 :
697 2137 753 2195 ego
776 2138 823 2178 me
836 2129 989 2194 patronum
1002 2117 1120 2193 profite-

139 2195 329 2270 “orsplebia
355 2197 432 2271 qnod
459 2197 531 2254 mihi
555 2217 626 2256 cura
650 2215 716 2254 mea
737 2208 767 2256 et
791 2198 862 2256 fides
883 2215 990 2275 nomen
1009 2196 1118 2256 induit.

140 2281 159 2327 ,⁸⁶
170 2272 233 2332 Vos
251 2273 279 2332 'si
301 2294 357 2352 quo
379 2276 486 2353 insigni
510 2277 603 2354 magis
616 2275 731 2352 imperii
752 2277 902 2336 honorisve
923 2275 1042 2334 nomine
1056 2295 1120 2336 ves·

138 2362 159 2396 “
170 2362 247 2412 uum
261 2355 440 2432 appellabitis
455 2357 569 2428 ducem,
579 2375 614 2414 eo
627 2356 750 2414 utemini
761 2357 921 2434 potentiore
936 2355 973 2413 ad
987 2355 1155 2416 obtines-rs

138 2441 159 2482 μ
171 2433 210 2492 da
231 2454 276 2509 ea,
290 2455 354 2512 quae
367 2435 480 2494 vultis.”
521 2436 596 2496 Inde
611 2437 648 2495 de
669 2455 759 2513 regno
773 2437 880 2514 egendi
894 2445 990 2495 ortum
1003 2435 1120 2496 initium

137 2513 263 2574 dicitur:
284 2516 336 2574 sed
349 2534 406 2574 nec
420 2535 488 2574 cum
500 2515 615 2590 quibus,
636 2535 694 2575 nec
716 2535 803 2592 quem
826 2517 863 2576 ad
886 2511 983 2576 finem'
998 2514 1120 2580 consilia

28 2673 30 2677 ,
135 2596 328 2672 pervenerint,
341 2607 386 2655 sat
397 2596 516 2674 planum
529 2595 658 2655 traditur.

177 2753 265 2812 XIX.
286 2756 328 2814 At
341 2757 371 2814 in
385 2765 466 2832 parte
479 2755 570 2815 alterfr
583 2765 701 2815 senatus
715 2755 752 2814 de
761 2755 938 2830 secessione,
952 2754 982 2813 in
996 2755 1116 2816 domum
1139 2784 1143 2788 ·

136 2832 285 2906 privatam,
309 2834 411 2910 plebis,
438 2836 509 2896 forte
530 2837 617 2894 etiam
631 2837 662 2895 iu
682 2854 750 2895 arce
763 2836 896 2912 positam,
910 2845 940 2894 et
953 2833 1154 2894 imminentia

137 2911 213 2968 mole
240 2912 375 2986 libertati,
399 2915 497 2991 agitat.
535 2916 651 2993 Magna
674 2935 740 2992 pars
763 2915 968 2983 vociferantur,
994 2914 1119 2974 Servilio

138 2990 235 3048 Ahala
258 3011 331 3069 opus
354 3012 427 3066 esse,
441 2995 491 3069 qui
515 3002 584 3071 non,
598 2997 630 3055 in
655 2995 772 3056 vincula
785 2995 854 3054 duci
870 2995 1011 3072 jubendo,
1026 2993 1119 3052 irritet

136 3069 286 3144 publicum
309 3073 430 3147 hostem,
453 3075 505 3131 sed
524 3077 611 3134 unius
629 3074 744 3152 jactura
757 3075 829 3134 civis
851 3074 934 3132 finiat
946 3073 1118 3132 intestinum

136 3147 254 3206 bellum.
295 3149 466 3211 Decurritur
480 3154 516 3211 ad
529 3155 670 3214 leuiorem
690 3156 784 3214 verbis
798 3154 982 3221 sententiam,
1006 3152 1063 3210 vim
1077 3160 1119 3209 ta·

136 3247 205 3286 meu
228 3231 360 3290 eamdem
385 3231 551 3302 habentem,
574 3240 592 3268 ‘⁸
604 3235 644 3292 Ut
658 3235 774 3293 videant
786 3234 980 3310 magistratus,
995 3250 1033 3288 ne
1047 3231 1154 3306 quidas

138 3313 204 3366 “err
233 3310 404 3384 perniciosis
428 3311 558 3371 consiliis
579 3313 621 3371 M.
637 3313 743 3372 Manlii
764 3313 929 3390 respublica
949 3309 1117 3368 detrimenti

137 3397 157 3427 ⁸⁶
167 3389 289 3466 capiat.”
332 3389 411 3450 Tum
426 3391 534 3450 tribuni
548 3393 693 3452 consulari
713 3403 863 3468 potestate,
877 3390 1044 3464 tribunique
1058 3388 1117 3464 ple·

136 3469 183 3528 bei
200 3467 280 3548 (nam
295 3479 333 3542 et,
348 3471 416 3545 quia
429 3471 565 3530 eumdem
578 3483 609 3531 et
628 3492 688 3530 suae
701 3473 861 3549 potestatis,
875 3489 961 3546 quern
974 3467 1117 3526 libertatis

132 3549 273 3624 omnium,
284 3549 372 3610 finem
384 3550 552 3620 cernebant,
565 3551 683 3611 Petrum
695 3551 859 3616 auctoritati
872 3571 904 3610 se
916 3547 1115 3626 dediderant),

136 3630 166 3686 hi
180 3641 242 3688 tum
256 3649 367 3698 omnes,
390 3631 459 3706 quid
472 3649 545 3707 opus
559 3630 695 3706 facto-sit,
710 3632 884 3690 consultant.
925 3629 1028 3692 Quum
1042 3644 1117 3701 prae·
1126 3641 1155 3683 to

135 3709 249 3766 terrim
271 3721 301 3766 et
322 3710 433 3767 caedem
446 3710 519 3767 nihil
534 3710 669 3784 cuiquam
682 3721 859 3778 occurreret,
881 3729 945 3770 eam
961 3717 1057 3766 autem
1072 3703 1118 3766 in·

135 3787 231 3857 gentis
268 3787 463 3848 dimicationis
490 3788 549 3849 fore
576 3800 748 3866 appareret3
782 3799 844 3848 tum
872 3789 915 3850 M.
930 3785 1059 3848 Manius
1086 3795 1117 3847 et
