2520 4310
440 289 550 343 amna
564 289 663 342 XXVI.
679 301 742 343 aas·
759 303 799 340 rx·
933 308 936 316 ·
1045 287 1106 350 213

131 435 297 512 municipia,
310 447 431 510 quaque
452 443 566 509 propter
579 447 645 490 eam
665 431 740 492 viam
761 441 838 506 sunt,
853 431 973 504 Setiam,
986 430 1106 506 Coram,

130 513 303 585 Lanuvium,
324 511 529 590 praemisit,'ut
552 520 731 573 commeatus
751 521 865 588 paratos
888 521 918 570 et
936 511 968 568 in
986 510 1104 570 urbibus

129 593 280 668 baberent,
292 601 323 650 et
335 607 374 650 cx
388 591 465 668 agris
478 589 569 650 deviis
583 589 614 648 in
635 589 713 648 viam
732 590 902 666 proferrent,
916 587 1105 666 praesidiaque
1139 635 1155 654 .

129 671 159 728 iu
173 671 260 730 urbes
283 671 496 739 contraherent,
520 680 554 729 ut
566 688 620 729 sua
643 669 749 744 cuique
771 668 950 746 respublica
972 668 1004 726 in
1017 685 1105 726 manu
1157 689 1173 698 ··

107 759 215 811 basset·

147 921 153 940 ·
168 905 224 962 IX..
246 905 403 977 Hannibal,
418 921 474 979 quo
494 903 543 962 die
556 903 734 962 Vulturnum
747 913 792 962 est
807 913 1012 980 transgressus,
1028 903 1108 960 haud

125 983 226 1057 procul
241 1002 258 1040 a
271 983 390 1042 flumine
403 992 499 1042 castre
518 982 622 1057 posuit.
663 981 781 1040 Postero
794 982 843 1040 die
856 991 959 1058 praeter
973 981 1061 1040 Cales
1074 981 1106 1040 in

125 1078 228 1136 agrum
250 1061 414 1136 Sidicinum
436 1061 583 1136 pervenite
605 1059 645 1118 ibi
669 1060 747 1118 diem
761 1079 852 1118 unum
866 1060 1031 1136 populando
1044 1075 1105 1118 mo·

124 1149 212 1211 ratus,
228 1158 279 1215 per
294 1140 462 1206 Suessulam
486 1138 704 1214 Allifanumque
717 1150 748 1198 ct
762 1139 929 1198 Casinatem
943 1155 1044 1214 agrurn
1058 1138 1104 1195 via
1139 1171 1144 1181 ·

93 1223 115 1264 10
124 1215 229 1276 Latini
243 1218 333 1276 ducit.
375 1218 439 1276 Sub
453 1217 594 1276 Casinum
608 1218 696 1278 biduo
717 1218 820 1276 stativa
832 1217 940 1285 habita,
954 1227 984 1274 et
996 1214 1104 1292 passim

123 1297 324 1372 populationes
347 1297 440 1354 factae.
484 1297 572 1364 Inde,
597 1307 699 1372 praeter
720 1296 918 1355 Interamnam
942 1296 1105 1370 Aquinum·

122 1393 192 1448 que,
207 1374 239 1432 in
253 1371 458 1450 Fregellanum
482 1393 584 1450 agrum
604 1375 641 1432 ad
655 1375 747 1434 Lirim
760 1375 1032 1446 fluviumventum3
1053 1373 1104 1432 ubi

122 1452 296 1510 intercisum
306 1463 434 1526 pontem
449 1471 466 1510 a
480 1452 661 1528 Fregellanis
684 1454 814 1522 morandi
835 1454 946 1511 itineris
959 1453 1048 1510 causi
1061 1451 1105 1510 iu·

122 1531 211 1588 venit.
254 1531 293 1588 Et
315 1531 452 1588 Fulvium
473 1530 636 1588 Vulturnus
659 1541 792 1588 tenuerat
816 1532 918 1598 amnis,
933 1531 1054 1589 navibus
1064 1531 1104 1588 ab

90 1608 293 1666 15Hannibale
317 1601 460 1681 incensis,
483 1619 558 1667 rates
584 1609 620 1666 ad
647 1608 850 1684 trajiciendum
874 1609 1045 1675 exercitum,
1073 1610 1104 1666 in

122 1689 231 1764 magni
244 1688 342 1763 inopiis
365 1687 505 1760 materia,
528 1685 605 1762 aegrd
622 1697 846 1766 comparantem.
889 1686 1027 1763 Trajecto
1039 1686 1106 1744 rati·

121 1766 176 1824 bus
192 1766 324 1824 exercitu
348 1767 491 1841 reliquum
507 1765 610 1824 Fulvio
623 1766 790 1842 expeditum
803 1766 866 1837 iter,
881 1784 940 1824 non
954 1785 1005 1841 per
1019 1765 1105 1823 urbes

120 1845 219 1912 modo,
236 1845 288 1902 sed
302 1845 383 1901 circa
395 1845 480 1914 viam,
496 1845 636 1918 expositis
649 1845 775 1920 benigne
792 1844 1011 1914 commeatibus,
1026 1856 1104 1903 erata

121 1921 294 1996 alacresque
319 1922 426 1981 milites
449 1921 522 1980 aliur
546 1919 643 1994 aliurn,
658 1931 691 1979 ut
714 1922 834 1980 adderet
847 1924 978 2000 gradum,
994 1939 1104 1983 memor

84 2001 155 2075 mad
181 1999 401 2058 defendendam
425 2001 467 2059 ire
490 2001 622 2076 patriam,
647 1989 843 2076 hortaffitur.
885 2003 1010 2060 Romam
1034 2002 1103 2061 Fre-

118 2079 258 2156 gellanus
271 2079 401 2153 nuntius,
415 2080 493 2139 diem
507 2091 679 2155 noctemque
691 2081 794 2139 itinere
808 2081 986 2150 continuato,
1001 2081 1103 2158 ingen·
1125 2135 1129 2142 .

117 2168 177 2216 tem
187 2158 287 2217 attulit
297 2170 434 2218 terrorem
444 2179 452 2216 ε
467 2159 678 2230 tumultuosius,
690 2161 777 2235 quim
788 2161 905 2233 adetum
916 2171 987 2234 erat,
999 2179 1104 2218 cursus

117 2237 284 2310 hominum,
309 2238 507 2322 affingentium
529 2257 605 2296 vana
618 2238 735 2312 auditis,
749 2249 837 2298 totam
853 2239 955 2297 urbem
969 2239 1102 2298 concive·

116 2327 169 2374 rat.
214 2316 349 2375 Ploratus
373 2318 527 2376 mulierum
540 2337 600 2376 non
620 2335 657 2375 ex
669 2318 786 2393 privatis
800 2317 892 2376 solim
905 2319 1039 2376 domibus
1051 2337 1101 2376 ex·
1121 2359 1123 2362 -

80 2401 103 2442 2⁵
114 2393 295 2451 audiebatur
307 2414 315 2463 3
336 2397 387 2452 sed
401 2396 529 2470 undique
554 2405 700 2465 matrone,
714 2396 746 2453 in
757 2397 908 2472 publicani
922 2397 1032 2468 effuse,
1045 2397 1101 2454 cir·

114 2491 152 2532 ca
166 2472 267 2530 Derim
282 2472 403 2532 delubra
423 2474 597 2543 discurrunt,
620 2473 749 2529 crinibus
762 2474 854 2547 passis
867 2491 931 2530 aras
944 2483 1100 2546 verrentes,

114 2547 194 2608 nixae
210 2545 349 2622 genibus,
374 2547 493 2620 supinas
500 2565 611 2606 ,manus
625 2551 662 2604 ad
675 2551 781 2606 coelum
796 2569 831 2608 ac
846 2551 925 2608 Deos
938 2551 1100 2623 tendentes,
1154 2595 1156 2598 -

114 2635 305 2700 orantesque,
330 2635 362 2682 ut
375 2625 476 2682 urbem
501 2625 667 2683 Romanam
689 2628 854 2685 emanibus
871 2628 996 2686 hostium
1009 2629 1101 2704 eripe-

116 2716 182 2764 rent
194 2725 201 2775 ;
225 2714 389 2779 matresque
402 2704 554 2762 Romanas
568 2713 598 2761 et
610 2704 716 2777 liberos
728 2725 830 2781 parvos
843 2706 993 2771 inviolatos
1007 2723 1100 2766 serva·

79 2794 190 2842 rorent.
236 2785 362 2842 Senatus
376 2783 592 2859 magistratibus
605 2783 635 2840 in
651 2784 712 2842 soro
724 2795 830 2863 pffisto
844 2797 897 2858 est,
911 2786 934 2842 si
949 2785 1018 2860 quid
1032 2803 1100 2846 con-

113 2864 213 2922 sulere
229 2863 327 2920 velint.
369 2862 430 2920 Alii
444 2863 593 2937 accipiunt
613 2862 743 2938 imperia,
757 2864 968 2939 disceduntque
983 2866 1019 2922 ad
1033 2883 1100 2924 suas

71 2987 72 2992 κ
112 2942 241 3016 quisque
254 2939 413 2998 officiorum
438 2952 553 3016 partes:
575 2941 623 2999 alii
647 2941 773 3000 offerunt
786 2957 827 3015 se,
842 2943 865 3000 si
879 2942 936 3018 qud
951 2961 1020 3002 usus
1032 2963 1100 3021 ope-

113 3039 153 3080 rae
168 3020 228 3076 sit:
249 3019 382 3094 presidia
405 3020 436 3077 in
458 3039 535 3089 arce,
551 3021 581 3078 in
607 3020 760 3096 Capitolio,
785 3021 815 3078 in
839 3022 939 3096 muris,
959 3023 1038 3081 circa
1051 3043 1098 3083 ur·

113 3098 194 3171 bem,
211 3097 243 3156 in
256 3108 354 3156 monte
368 3099 455 3157 etiam
469 3100 586 3158 Albano
596 3110 681 3175 atque
695 3119 762 3158 arce
777 3099 927 3170 AEsulana,
942 3113 1097 3178 ponuntur.

77 3193 102 3233 aa
112 3175 199 3238 Inter
215 3178 295 3235 hunc
319 3178 486 3251 tumultum,
499 3178 540 3241 Q.
565 3179 700 3237 Fulvium
714 3181 916 3256 proconsulem
936 3181 1098 3257 profectum

112 3273 186 3314 cum
212 3257 342 3318 exercitu
366 3255 499 3332 aCapui
513 3257 649 3326 affertu13
670 3258 718 3316 cui
732 3277 770 3316 ne
784 3259 963 3319 minueretur
983 3261 1098 3336 imperi-

112 3353 176 3405 nm,
207 3333 233 3390 si
255 3332 286 3392 in
309 3333 419 3391 Urbem
443 3335 579 3403 venisset,
604 3337 735 3396 decernit
755 3349 882 3407 senatur,
896 3349 928 3397 ut
942 3338 982 3400 Q.
995 3337 1098 3395 Fulvio

110 3431 165 3488 par
194 3429 266 3470 cum
287 3411 455 3470 consulibus
479 3412 632 3488 imperium
655 3426 738 3475 esset.
780 3417 939 3484 Hannibal,
964 3414 1099 3473 infestiris

108 3489 306 3567 perpopulato
327 3508 396 3566 agro
420 3489 593 3566 Fregellano
612 3505 725 3569 propter
749 3495 900 3554 intercisos
919 3503 1031 3570 pontes,
1045 3509 1097 3570 per

73 3593 99 3634 ao
110 3568 304 3630 Frusinatem
318 3568 592 3644 Ferentinatemque
606 3582 635 3629 et
647 3573 838 3650 Anagninum
852 3589 953 3651 agrum
966 3571 998 3628 in
1012 3572 1096 3630 Lavi·

109 3665 227 3707 canum
240 3647 338 3705 vonit:
360 3646 428 3704 inde
452 3648 561 3725 Algido
584 3648 748 3710 Tusculum
771 3652 871 3728 petiit:
892 3667 948 3708 nec
961 3660 1098 3728 receptus

109 3723 271 3802 menibus,
286 3725 363 3798 infra
383 3725 547 3790 Tusculum
560 3728 724 3828 destrorsus
736 3730 845 3791 Gabios
858 3728 1029 3792 descendit:
1051 3729 1098 3793 in-
