2520 4310
461 372 567 422 LIBER
583 371 705 421 xxxiv.
723 385 787 421 car.
802 386 837 431 rr.
1082 331 1141 430 l251
1239 425 1240 430 ,

158 529 235 584 rum,
252 513 397 572 contineri
417 515 517 572 limine
537 523 689 589 poterant:
711 523 813 572 ornnes
826 513 886 572 vias
900 514 979 572 urbis
992 515 1142 592 aditusque

159 591 192 648 in
207 591 305 650 sorum
328 593 508 666 obsidebant,
529 593 604 652 viros
624 594 836 651 descendentes
857 594 893 652 ad
906 593 1002 654 forum
1016 606 1141 665 orantes,
1169 643 1173 651 .

158 681 203 739 ut,
220 672 344 730 florente
358 673 515 749 republica
537 681 688 730 crescente
702 672 732 730 in
746 673 810 730 dies
822 673 931 749 private
944 673 1075 731 omnium
1089 674 1143 733 lor-

158 753 245 824 tund,
261 753 399 810 matronis
413 771 525 828 quoque
549 752 702 828 pristinum
717 764 851 810 omatum
865 752 947 810 reddi
967 764 1142 829 paterentur.
1218 768 1223 779 ·

135 828 338 906 sAugebatur
352 832 415 889 haec
429 832 588 907 frequentia
608 831 761 888 mulierum
776 832 806 890 in
820 832 902 889 dies:
924 834 1093 890 nemetiam
1105 851 1144 892 ex

159 910 280 984 oppidis
303 911 559 997 conciliabulisque
585 911 805 969 conveniebant.
833 918 839 929 '
867 911 934 968 Jam
954 923 984 970 et
1010 912 1145 971 consules

158 1000 357 1066 praetoresque
372 1001 401 1048 et
424 991 494 1048 alios
508 990 691 1066 magistratus
711 990 790 1047 adire
812 1000 842 1047 et
862 1009 964 1066 rogare
978 991 1142 1062 audebant:

158 1069 303 1126 caeterdm
337 1069 456 1126 minime
490 1069 663 1126 exorabilem
698 1069 819 1126 alterum
862 1070 960 1144 utique
993 1070 1143 1130 consulem

158 1144 203 1204 M.
220 1147 357 1205 Porcium
382 1133 705 1216 Catonem‘lTaliebant
729 1148 778 1224 qui
791 1167 843 1224 pro
856 1147 930 1224 lege,
945 1169 1009 1224 quae
1023 1150 1143 1228 abroga-
1208 1155 1213 1164 '

124 1239 149 1280 ιο
158 1225 256 1299 batur,
278 1227 318 1285 ita
331 1225 485 1286 disseruit:

201 1383 246 1441 II.
269 1385 330 1442 “Si
345 1385 374 1442 in
389 1387 440 1442 sut
461 1384 580 1461 quisque
601 1387 728 1444 nostrdm
752 1386 981 1459 matre-familiae,
999 1385 1141 1455 Quirites.

161 1464 243 1539 “jus
265 1473 295 1520 et
315 1464 493 1539 majestatem
517 1463 569 1521 viri
591 1465 715 1522 retinere
739 1464 918 1533 instituisset,
941 1466 1037 1524 minus
1072 1483 1144 1540 cum

160 1542 340 1599 “universis
354 1543 479 1599 soerninis
502 1544 611 1619 negotii
633 1544 813 1601 haberemus.
853 1544 944 1602 Nunc
968 1545 1046 1603 domi
1068 1546 1144 1604 victa

161 1621 314 1678 “libertas
328 1631 426 1678 nostra
439 1622 606 1697 impotentid
621 1622 765 1696 muliebri,
787 1624 836 1679 hic
849 1642 961 1696 quoque
976 1623 1006 1679 in
1021 1623 1081 1682 foro
1093 1625 1143 1682 ob·

124 1709 151 1752 tt
162 1709 181 1738 ‘⁴
194 1700 299 1757 teritur
320 1710 349 1756 et
373 1701 519 1758 calcatur:
541 1698 579 1768 et,'
594 1701 662 1774 quia
673 1701 805 1776 singulas
824 1701 966 1757 sustinere
980 1720 1038 1758 non
1052 1703 1144 1777 potui·

161 1783 181 1812 “
195 1798 274 1846 mus,
300 1779 447 1836 universas
461 1780 630 1838 horremus.
678 1779 822 1854 Equidem
845 1779 971 1836 fabulam
995 1789 1025 1836 et
1045 1779 1143 1840 fictam

161 1863 181 1892 “
192 1877 256 1916 rem
271 1857 415 1915 ducebam
436 1877 509 1925 esse,
529 1857 653 1915 virorum
673 1877 760 1916 omne
784 1877 877 1934 genus
890 1858 921 1916 in
943 1859 1037 1934 aliqud
1051 1859 1144 1918 insula

161 1937 393 2013 “conjuratione
415 1936 550 1994 muliebri
572 1937 608 1993 ab
626 1937 714 2013 stirpe
728 1937 872 1995 sublatum
886 1956 958 1994 esse.
1001 1938 1050 1995 Ab
1063 1937 1143 1997 nullo

162 2021 305 2093 “genere
319 2034 377 2073 non
391 2035 535 2074 summum
561 2016 721 2092 periculum
734 2027 788 2084 est,
813 2017 837 2073 si
848 2030 950 2089 coetus,
964 2027 994 2074 et
1007 2017 1142 2087 concilia,

125 2106 151 2147 at
163 2098 183 2128 “
194 2106 226 2153 et
239 2106 367 2153 secretas
387 2095 613 2153 consultationes
634 2114 697 2153 esse
718 2095 805 2154 siuas.
847 2095 943 2171 Atque
957 2114 1013 2172 ego
1026 2097 1073 2156 vix
1086 2107 1142 2156 sta-

163 2179 277 2232 “tuere
291 2175 366 2250 apud
390 2175 519 2233 animum
543 2193 640 2232 meum
661 2194 788 2251 possum,
809 2173 903 2232 ntnirn
917 2176 996 2251 pejor
1010 2176 1072 2252 ipsa
1084 2195 1142 2251 res,

161 2263 182 2290 “
193 2273 235 2310 an
249 2254 346 2330 pejore
370 2254 501 2330 exemplo
526 2265 647 2330 agatur:
668 2274 788 2330 quorum
814 2254 936 2312 alterum
957 2256 993 2312 ad
1008 2275 1061 2313 nos
1073 2273 1143 2314 con·

160 2333 276 2389 “sales
299 2334 479 2408 reliquosque
503 2333 697 2408 magistratus,
721 2334 841 2391 alterum
867 2335 902 2390 ad
917 2353 978 2406 vos,
997 2333 1140 2403 Quirites,

160 2416 178 2443 ‘⁸
191 2411 290 2486 inagis
303 2412 466 2484 pertineret.
508 2411 585 2468 Nam
600 2411 694 2469 utrdm
708 2431 725 2467 e
738 2430 770 2468 re
789 2412 906 2486 publica
920 2413 966 2478 sit,
982 2432 1087 2486 necne,
1101 2414 1140 2485 id,

122 2503 150 2544 us
161 2499 181 2527 “
194 2489 274 2564 quod
290 2489 325 2544 ad
340 2507 388 2545 vos
402 2489 501 2559 fertur,
525 2501 619 2545 restra
639 2489 814 2546 existimatio
837 2500 890 2554 est,
905 2490 952 2562 qui
968 2490 997 2545 in
1011 2491 1142 2566 suffragi·

163 2579 182 2607 “
196 2587 248 2626 um
273 2567 340 2625 ituri
363 2567 440 2625 estis.
495 2566 569 2624 Haec
601 2567 794 2624 consternatio
815 2567 973 2638 muliebris,
1000 2568 1059 2625 sive
1089 2569 1142 2626 sua

164 2658 183 2686 ‘⁴
197 2657 312 2723 sponte,
326 2645 385 2703 sive
408 2645 574 2702 auctoribus
595 2644 685 2712 vobis,
710 2644 751 2702 M.
767 2643 904 2702 Fundani
925 2655 954 2701 et
975 2645 1009 2702 L.
1033 2645 1140 2715 Valeri,
1223 2641 1226 2648 ’

165 2736 184 2764 “
197 2727 276 2784 facta
290 2735 343 2798 est,
368 2724 445 2782 haud
459 2724 546 2781 dubie
571 2724 608 2782 ad
622 2724 737 2799 culpam
752 2723 969 2798 magistratuum
983 2725 1141 2799 pertinens,

165 2810 185 2838 “
196 2805 307 2880 nescio,
319 2804 412 2872 tobia,
427 2803 545 2871 tribuni,
568 2822 605 2860 an
633 2802 810 2870 consulibus,
832 2802 924 2878 magis
938 2803 974 2860 sit
988 2803 1141 2863 deformis:

28 2903 32 2910 ·
127 2897 153 2939 au
165 2895 185 2922 “
198 2885 289 2958 vobis,
301 2884 324 2942 si
339 2883 471 2941 loeminas
485 2884 521 2940 ad
536 2882 724 2940 concitandas
734 2881 904 2940 tribunicias
915 2882 1070 2942 seditiones
1080 2884 1142 2962 jam

165 2970 183 2998 ‘¹
196 2964 356 3022 adduxistis
368 2983 375 3033 ;
397 2962 489 3035 nobis,
514 2962 548 3035 si,
573 2971 606 3019 ut
618 2961 710 3037 plebis
722 2961 877 3036 quondam,
892 2961 934 3018 sic
948 2981 1028 3021 nunc
1042 2965 1143 3022 mulie·

166 3052 263 3099 “rum
285 3042 448 3100 secessione
474 3039 554 3118 leges
578 3041 755 3117 accipiendae
783 3051 857 3098 sunt.
913 3042 1055 3118 Equidem
1082 3061 1141 3102 non

165 3131 186 3158 “
198 3121 261 3179 sine
275 3121 378 3180 rubore
392 3121 514 3196 quodam
529 3119 616 3197 pauld
631 3120 699 3178 ante
714 3139 764 3196 per
780 3121 908 3178 medium
922 3141 1027 3198 agmen
1041 3124 1142 3182 mulie·

166 3210 261 3258 “rum
284 3201 313 3258 in
336 3201 427 3258 lorum
446 3201 572 3277 perveni.
613 3199 704 3262 Quod
717 3200 774 3258 nisi
789 3219 835 3260 me
856 3203 1031 3260 verecundia
1044 3203 1142 3278 ingu·
1201 3271 1204 3276 Ι

129 3280 289 3337 aularum
317 3281 409 3356 magis
432 3281 591 3356 majestatis
611 3291 641 3337 et
663 3279 791 3356 pudoris,
819 3281 905 3355 qudm
932 3282 1140 3350 universarum,

101 3381 105 3391 ·
167 3368 187 3396 ‘⁶
198 3358 348 3429 tenuisset,
370 3378 406 3415 ne
428 3360 605 3434 compellata
627 3359 778 3420 aconsule
791 3359 966 3430 viderentur,
984 3359 1140 3431 dixissem:

165 3441 186 3469 ‘⁴
199 3435 281 3498 ‘Qui
295 3436 344 3495 hic
357 3456 419 3494 mos
439 3448 484 3494 est
505 3438 534 3494 in
558 3437 706 3512 publicum
731 3439 928 3513 procurrendi,
946 3447 976 3494 et
988 3436 1141 3495 obsidendi

167 3520 186 3549 ‘⁸
198 3525 206 3553 ‘
218 3516 289 3590 vias,
302 3525 332 3572 et
346 3515 420 3572 viros
434 3515 543 3573 alienos
555 3516 741 3592 appellandi'l
781 3517 863 3575 Istud
878 3517 970 3590 ipsum
985 3535 1052 3574 suos
1065 3535 1142 3592 qum·

74 3649 75 3654 ,
167 3604 187 3632 “
200 3599 274 3670 ‘que
289 3594 366 3652 domi
390 3613 490 3670 rogare
511 3614 570 3652 non
583 3596 737 3672 potuistisl
779 3597 828 3652 An
850 3594 1012 3652 blandiores
1026 3593 1056 3652 in
1069 3595 1142 3672 pub-

130 3675 276 3733 tc“‘lico
302 3671 389 3749 quim
416 3674 446 3730 in
474 3675 591 3750 privato,
618 3686 648 3733 et
668 3675 769 3733 alienis
795 3674 881 3749 qndm
908 3673 1017 3740 vestris,
1044 3674 1140 3732 estisl

167 3763 187 3791 ‘⁴
198 3759 207 3787 ‘
218 3772 391 3831 quamquam
416 3773 453 3810 ne
468 3754 546 3813 domi
569 3754 686 3829 quidem
710 3773 769 3822 vos,
784 3753 808 3810 si
822 3753 866 3810 sui
877 3751 949 3828 juris
963 3751 1069 3812 finibus
1082 3772 1142 3814 ma·

167 3837 186 3866 “
198 3839 206 3868 ‘
217 3846 315 3894 tronus
328 3833 491 3893 contineret
512 3835 614 3911 pudor,
635 3853 699 3910 quae
712 3833 792 3910 leges
806 3831 855 3890 hic
869 3834 1143 3911 rogarentur,'abro-
