2556 4314
138 355 178 413 58
542 347 612 398 TITl
629 345 715 396 Ltvlr

138 493 183 534 Iex
199 495 282 546 agraria
319 492 383 533 lurdat
396 492 440 530 lata
448 495 486 531 est.
512 491 549 540 Sp.
560 487 643 536 Cassius
656 485 768 536 scutulatis
785 483 841 534 regni
857 483 941 522 crimine
954 483 1062 522 damnatus
1074 488 1116 534 est,
1203 533 1205 538 ,

138 550 267 594 necatusque.
293 503 368 592 gppm,
377 541 435 592 virgo
443 539 573 589 Vtalis,ob
581 538 681 577 incestum
689 536 737 592 riva¹
744 533 826 592 ‹lot'turott¹
832 538 869 572 est.
895 532 1037 590 ⁴(duumvicini
1047 533 1116 572 hostes

63 585 71 596 ⁹
139 593 235 644 Veientes
243 592 364 636 incommodi
373 591 437 641 magis
453 591 514 640 qudm
522 599 594 640 graves
605 592 680 636 esseut,
689 584 769 624 samrlru
777 583 885 622 Fabiorum
894 583 915 620 rd
924 581 998 620 bellum
1006 583 1116 632 gerendum

137 642 267 693 depoposcit3
281 642 375 691 misitque
388 640 410 679 in
423 640 443 678 id
456 646 557 678 trecentos
565 650 600 676 sex
609 641 706 680 armatos.
715 633 750 684 qui
763 633 788 671 ad
797 633 914 690 Cremeram
925 631 952 670 ad
960 643 1022 670 uouru
1035 632 1061 670 ab
1070 631 1117 670 hos-

139 691 194 731 tibus
210 691 256 734 cesi
272 698 328 740 sunt,
342 702 382 729 uno
398 689 502 738 impubere
517 687 572 728 domi
588 686 665 726 relicto.
691 683 842 733 Apolaustus
854 680 933 729 consul,
946 681 1118 738 quurrsadversus

134 737 224 780 Volscos
240 740 370 780 coutumeclt
380 738 482 778 exercitlls
491 731 840 823 malexpugnutumesssndocimum
853 741 951 780 quemque
964 729 1052 769 mrlrtum
1061 729 1116 769 suste

138 791 245 838 peremit.
271 789 531 839 Resproeterossdversum
560 782 756 833 olscos,etAEquos‚
772 785 793 819 et
810 779 1116 881 Ve'entpacegmsedrpggnpsin-
1158 818 1160 821 f
1210 791 1219 797 ·

135 839 250 890 terPstrcs
265 839 382 893 plebemque
390 838 487 878 continet.
515 835 661 889 [Gaui-ur.
686 793 856 870 sanes-nel

71 1033 90 1049 Ι
107 1026 137 1114 7(
179 1051 204 1108 Ι.
226 1050 419 1129 ΙΛΒειιιηῂιη
443 1048 512 1106 hinc
534 1046 632 1122 populi
655 1043 784 1102 Romani
805 1063 862 1116 res,
886 1061 959 1119 pace
981 1044 1148 1118 belloque?

128 1139 245 1205 'gestas
268 1148 380 1186 annuos
403 1128 597 1204 magistratus,
623 1124 800 1200 imperiaque
828 1123 926 1198 legum
952 1121 1141 1198 potentiorab

140 1206 224 1282 quim
249 1209 409 1275 hominum,
430 1224 575 1283 peragam.
616 1202 694 1264 Quae
721 1203 838 1260 libertas
859 1213 890 1259 ut
910 1201 1001 1259 laetior
1027 1194 1148 1271 esset}

138 1287 260 1362 proximi
274 1288 351 1363 regis
371 1286 505 1362 superbia
529 1285 656 1341 fecerat:
677 1301 745 1340 nam
769 1281 879 1356 priores
891 1281 932 1338 ita
945 1283 1112 1356 regnarunt,
1128 1330 1141 1358 ‚

127 1375 172 1426 ,ut
185 1366 262 1424 baud
276 1365 418 1424 immeritd
431 1383 533 1422 omnes
554 1362 692 1436 deinceps
716 1361 880 1418 conditores
894 1361 1017 1435 partium
1031 1362 1111 1418 certe
1127 1362 1142 1430 ξ’

139 1445 229 1513 urbis,
243 1464 315 1520 quus
328 1464 415 1503 novas
426 1443 479 1520 ipsi
488 1444 572 1500 sedes
594 1441 630 1498 ab
644 1459 675 1496 se
689 1450 781 1498 auctae
796 1439 974 1497 multitudini
994 1440 1113 1497 addide·
1127 1438 1147 1513 ξ

141 1533 218 1596 runt,
232 1535 435 1582 numerentur:
456 1541 550 1596 neque
574 1519 739 1596 ambigitur,
754 1518 823 1594 quin
841 1517 946 1576 Brutus
960 1519 1046 1586 idem,
1062 1518 1147 1594 qui*

140 1603 374 1678 tuntumfgloriae,
389 1601 521 1677 Superbo
544 1609 646 1658 exacto
659 1617 739 1674 rege,
753 1598 867 1666 meruit,
883 1599 1008 1674 pessimo
1021 1599 1114 1674 publi·

142 1699 177 1738 co
191 1681 220 1738 id
235 1682 362 1758 facturus
385 1681 480 1748 suerit,
494 1681 519 1736 si
543 1677 683 1744 libertatis
707 1679 867 1754 immaturae
889 1678 1027 1753 cupidine
1040 1678 1115 1753 prio-

1 1801 13 1838 ¹-
74 1823 80 1828 ,
142 1780 205 1818 rum
219 1759 320 1838 regum
335 1759 421 1818 alicui
436 1755 753 1836 regnum'extorsisset.
794 1755 878 1817 Quid
892 1757 970 1814 enim
985 1757 1147 1815 futurumro

1 1841 2 1852 ¹
142 1839 204 1907 suit,
226 1839 251 1896 si
271 1836 324 1898 ¹illa
346 1851 491 1916 pastorum
515 1835 775 1911 convenarumque
788 1834 878 1912 plebs,
903 1836 1053 1912 transfuga
1076 1857 1114 1894 ex

119 1918 334 1992 ¹suispopulis,
349 1921 403 1976 sub
424 1919 513 1976 tuteli
533 1917 668 1993 inviolati·
683 1915 782 1991 templi
803 1924 853 1972 aut
875 1915 1037 1972 libertatem
1062 1926 1113 1975 aut

140 1997 218 2052 certe
240 1997 439 2072 impunitatem
464 1999 577 2072 adepta,
591 1996 685 2054 soluta
705 1995 784 2071 regio
797 2003 886 2069 metu,
900 1994 1002 2070 agitari
1016 2005 1113 2072 crepta

139 2075 391 2134 essettribuniciis
415 2077 567 2152 pmcellis3
588 2086 617 2132 et
642 2074 672 2132 in
694 2075 789 2131 atiena
809 2075 880 2130 urbe
894 2093 963 2131 cum
977 2074 1112 2133 Patribus

139 2171 233 2210 serere
247 2157 424 2229 certamina*
437 2156 601 2232 priusquam
624 2155 746 2232 pignora
769 2154 926 2230 conjugum
948 2173 983 2212 ac
1004 2152 1162 2214 'libero-1⁵·
1175 2189 1186 2200 ·

139 2251 212 2305 rum,
226 2234 388 2310 caritasque
407 2235 496 2311 ipsius
517 2227 579 2303 soli,
605 2235 653 2292 cui
667 2234 754 2310 longo
777 2244 905 2310 tempore
927 2235 1110 2308 assuescitur,

140 2311 251 2372 animos
264 2333 362 2374 eorum
376 2315 588 2372 consocitssett
629 2313 783 2390 Dissipatae
798 2333 848 2383 fres
862 2315 991 2372 nondum
1006 2312 1110 2371 adultae
1137 2323 1140 2327 ’

139 2390 282 2448 discordid
306 2394 413 2464 forent;
444 2413 515 2468 quas
537 2394 605 2452 fovit
626 2393 779 2468 tranquilla
802 2393 960 2451 moderatio
987 2392 1109 2468 imperii,

138 2469 229 2545 eoque
241 2473 393 2530 nutriendo
404 2473 545 2548 perduxit,
556 2483 589 2530 ut
599 2473 704 2530 bonam
716 2472 830 2548 frugem
843 2472 982 2529 libertatis
991 2471 1111 2529 maturis

136 2549 197 2625 jam
211 2550 318 2608 viribus
342 2553 415 2610 serre
440 2563 564 2628 possent.
605 2551 761 2609 Libertatis
775 2562 872 2609 autem
885 2551 1026 2627 originem
1041 2551 1109 2607 inde
1120 2559 1146 2598 2⁰

138 2631 240 2707 magiS,
254 2631 322 2706 quia
335 2649 462 2688 annuum
485 2632 635 2708 imperium
661 2632 813 2689 consulare
832 2631 940 2688 factum
955 2641 1008 2698 est,
1023 2628 1109 2704 quim

138 2707 217 2783 qudd
232 2711 412 2769 deminutum
427 2712 582 2787 quidquam
597 2711 634 2768 sit
648 2729 684 2766 ex
698 2711 778 2786 regie
801 2721 951 2784 potestate,
967 2727 1110 2767 numeres.

138 2787 248 2844 Omnia
263 2789 342 2864 ¹jura,
365 2792 464 2847 omnia
485 2790 610 2866 insignia
630 2788 716 2864 primi
737 2787 871 2844 consules
892 2787 1021 2842 tenuere.
1074 2787 1112 2844 Id

138 2865 225 2922 modd
238 2877 356 2924 cautum
380 2881 434 2936 est,
448 2887 496 2941 ne,
511 2870 535 2925 si
559 2868 644 2924 ambo
666 2866 759 2922 fasces
780 2865 930 2930 haberent,
945 2864 1111 2938 duplicatus

136 2952 226 3001 terror
247 2945 399 3003 videretur.
441 2947 547 3004 Brutus
567 2945 653 3020 prior,
677 2944 857 3000 concedente
872 2942 992 3018 collega,
1015 2943 1146 3002 lascesas

136 3022 253 3080 habuit:
275 3024 322 3098 qui
337 3045 394 3082 non
408 3026 501 3083 acrior
514 3024 620 3082 vindex
633 3021 773 3080 libertatis
786 3021 889 3094 fuerat,
903 3021 987 3097 quam
1002 3022 1109 3088 deiude

136 3112 234 3159 custos
248 3102 308 3160 suit.
350 3104 489 3161 Omnium
503 3104 626 3179 primurn
642 3100 757 3158 avidum
771 3119 853 3158 novae
867 3101 1006 3158 libertatis
1019 3121 1109 3178 popu·

135 3178 207 3247 lum,
222 3200 259 3237 ne
273 3184 455 3257 postmodum
479 3182 557 3240 flecti
580 3180 715 3256 precibus
739 3189 787 3238 aut
801 3179 885 3236 donis
897 3179 986 3256 regiis
999 3191 1107 3256 posset,

132 3257 318 3335 jurejurando
332 3263 438 3338 adegit,
454 3261 601 3318 nemiuem
616 3260 719 3317 Romae
732 3267 866 3334 passuros
878 3271 1009 3332 regnare.
1051 3258 1110 3317 De·

135 3335 214 3406 inde,
241 3339 297 3413 qud
320 3341 385 3415 plus
407 3340 509 3398 virium
531 3341 561 3397 in
583 3349 686 3396 senatu
708 3337 868 3413 frequentia
889 3337 977 3394 etiam
997 3338 1143 3396 ordinisao

133 3414 250 3486 feceret,
275 3419 404 3476 caedibus
427 3419 504 3497 regis
524 3419 706 3476 deminutum
731 3418 848 3476 Patrum
869 3434 1031 3490 numerum,
1050 3417 1109 3493 pri·

135 3495 262 3554 moribus
281 3498 421 3573 equestris
444 3499 551 3575 gradis
571 3499 665 3567 lectis,
690 3498 726 3556 ad
750 3507 945 3556 trecentorum
967 3515 1109 3554 summam

132 3575 274 3651 explevit:
296 3579 489 3653 traditumque
504 3578 571 3635 inde
585 3579 684 3651 fertur,
696 3588 728 3634 ut
741 3578 771 3636 iu
785 3586 916 3634 senatum
928 3585 1108 3648 vocarentur,

135 3655 184 3730 qui
198 3655 597 3733 Patres'quiqueconscripti
621 3667 737 3714 essent:
759 3653 946 3731 conscriptos
964 3654 1108 3721 videlicet,

134 3733 164 3790 in
178 3755 284 3796 novum
299 3748 430 3796 senatum
445 3736 627 3814 appellabant
650 3736 749 3793 lectos.
791 3735 825 3792 Id
845 3735 949 3791 mirum
970 3731 1144 3806 q'uauttimaa

133 3814 240 3944 profuit
254 3818 289 3876 ad
314 3816 500 3882 concordiam
524 3816 657 3884 civitatis,
669 3814 889 3894 jungendosque
904 3811 1037 3870 Patribus
1049 3809 1110 3887 ple·

155 3908 179 3946 rs
193 3909 313 3954 ammos.
