2556 4314
31 304 32 318 ¹
133 317 191 375 158
533 314 604 397 mm
621 315 708 365 mvu

30 473 31 482 ¹
130 457 260 518 omnium
282 458 374 518 etatis
396 475 463 515 cue
473 457 567 516 'fuisse
581 457 687 531 ferunt,
701 466 740 525 et,
755 477 806 516 seu
827 457 931 515 virium
944 457 981 530 vi,
996 477 1046 518 seu
1060 481 1109 522 ex·

131 538 300 597 ercitetione
321 537 422 610 multd,
437 537 495 599 cibi
510 538 626 612 vinique
640 538 775 595 eumdem
788 537 1030 614 capacissimum:
1050 542 1109 601 uec
1157 561 1162 571 ·

130 635 198 676 oum
211 618 271 675 ullo
292 618 466 694 asperiorem
487 615 568 694 (quia
588 617 650 693 ipse
674 617 773 674 invicti
788 618 825 674 cd
838 618 966 675 laborem
981 621 1110 696 corporis
1144 677 1146 681 .

129 697 219 776 esset)
232 695 319 754 fuisse
333 697 465 756 militiam
479 697 569 772 pediti
582 697 688 772 pariter
702 697 856 772 equitique.
884 697 1006 772 Equites
1020 700 1109 770 etiam

25 829 27 850 ‚
128 775 283 852 aliquando
308 795 391 835 ausos
416 777 452 833 ab
476 795 512 834 eo
535 786 643 852 petere,
668 786 700 833 ut
721 777 775 834 sibi
796 789 901 852 prore
927 778 1003 835 beu'e
1027 781 1142 856 gestd⁵

128 854 237 914 laxaret
261 856 367 932 aliquid
394 856 516 914 laboris:
537 856 641 930 quibus
669 855 728 923 ille,
749 856 774 887 '“
787 855 835 913 Ne
861 857 933 934 nihil
954 858 1111 953 rqmissum·

29 935 32 942 ’
129 943 148 972 “
160 935 275 1009 dicatis,
289 936 434 1009 remitto,”
449 935 550 1010 inquit,
573 945 592 970 “
607 954 644 992 ue
658 935 757 1010 utique
776 935 891 993 dorsum
907 926 1106 1007 demuiceatis‚

128 1017 245 1090 “quum
258 1033 296 1073 cx
316 1015 397 1089 equis
419 1013 619 1084 descendetis:
632 1015 648 1042 '’
670 1025 700 1071 et
714 1015 756 1072 vis
770 1024 831 1072 erut
845 1015 875 1071 iu
890 1033 925 1073 eo
939 1015 999 1073 viro
1016 1017 1107 1092 impe·

128 1093 162 1152 rii
187 1094 291 1170 ingens
310 1095 417 1171 puriter
441 1095 470 1151 iu
495 1094 589 1152 socios
607 1093 751 1168 civesque.
793 1093 988 1158 Prae'nestinus
1000 1111 1105 1170 praetor

125 1189 177 1250 per
201 1173 332 1232 timorem
352 1173 473 1250 segnius
494 1193 532 1230 ex
557 1173 693 1230 subsidiis
717 1191 784 1229 suos
805 1173 926 1230 duxerat
939 1173 968 1230 in
981 1175 1142 1249 primam1⁰

127 1253 240 1310 aciem:
262 1272 348 1329 quem
372 1273 461 1329 quum
483 1252 666 1310 inambulans
688 1262 755 1310 ente
776 1252 995 1310 tabernaculum
1008 1255 1106 1313 vocari
1202 1251 1214 1264 ''

124 1331 266 1410 jussisset,
281 1333 412 1391 lictorem
435 1330 571 1408 expedire
584 1331 709 1388 securim
726 1331 830 1406 jussit:
853 1333 889 1388 ad
903 1352 990 1407 quam
1004 1351 1106 1391 vocem

99 1449 101 1452 -
126 1412 255 1469 exanimi
280 1423 374 1470 stante
396 1411 625 1483 Praenestino,·“
637 1410 785 1486 Agedum,
804 1411 897 1483 lictor,
910 1412 1017 1469 'excide
1032 1413 1106 1470 redi·

127 1495 222 1548 “cem
246 1492 352 1564 henc,’'
377 1490 480 1564 iuquit,
495 1495 512 1521 “
525 1489 738 1547 incommodam
761 1491 1021 1548 ambulamibus:”
1042 1507 1106 1567 per-

126 1568 279 1645 fusumque
293 1570 386 1628 ultimi
400 1569 533 1645 supplicii
547 1579 636 1641 metu,
651 1569 740 1626 multi
754 1569 842 1637 dicte,
857 1570 975 1628 dimisit.
1017 1571 1105 1628 Haud
1117 1579 1141 1620 1⁵

16 1687 28 1718 ¹.
104 1716 106 1721 Ι
125 1649 277 1730 dubieilld
288 1660 381 1722 aetcte,
395 1649 452 1724 qud
466 1649 546 1706 nulla
559 1649 695 1706 virtutum
709 1649 831 1706 feracior
843 1648 906 1723 fuit,
922 1668 1009 1709 nemo
1029 1663 1105 1708 unus

125 1735 188 1786 erat
211 1728 264 1796 vir,
288 1746 347 1806 quo·
365 1729 457 1805 magis
478 1728 640 1786 inuiseres
662 1729 798 1794 Romane
818 1740 924 1787 staret:
945 1730 1014 1805 quin
1036 1749 1105 1787 eum

125 1805 385 1884 paremvdesiiuant
405 1807 510 1866 animis
534 1807 644 1884 Magno
662 1809 831 1868 Alexandro
844 1810 958 1877 ducem,
974 1808 998 1880 ei
1012 1813 1103 1882 armi,

28 1905 30 1910 ·
126 1887 199 1946 Acie
212 1889 383 1965 perdomiti,
398 1889 429 1946 in
443 1888 589 1965 Europam
604 1888 743 1946 vertisset.

166 2045 268 2105 XVII.
290 2046 372 2104 Nihil
396 2047 492 2112 mimis
513 2045 704 2141 quqesitumo
734 2045 878 2122 principio
901 2045 987 2120 hujus
1010 2045 1141 2120 operiseo

127 2126 217 2184 videri
239 2134 341 2202 potest,
363 2126 448 2201 quim
471 2137 502 2183 ut
522 2125 587 2201 plus
608 2125 686 2201 justo
700 2125 737 2181 eb
751 2143 847 2181 rerum
860 2124 962 2181 ordine
976 2125 1105 2182 declina·

126 2224 188 2262 rem
201 2225 209 2273 ;
230 2203 469 2280 varietatibusque
480 2205 685 2280 distinguendo
693 2222 796 2279 opere,
810 2215 839 2260 et
851 2203 1015 2278 legentibus
1027 2204 1106 2278 velut

127 2283 297 2341 diverticula
310 2303 434 2351 amoena,
446 2294 475 2340 et
485 2284 613 2358 requiem
624 2283 722 2342 animo
735 2302 802 2341 meo
813 2300 969 2357 quaererem
983 2302 990 2339 ι
1004 2292 1120 2362 tamen¹

127 2363 200 2421 tanti
214 2363 291 2438 regis
312 2381 347 2420 ac
369 2363 452 2420 ducis
475 2363 593 2430 mentio,
607 2363 712 2438 quibus
727 2381 803 2438 seepe
817 2361 913 2418 tacitis
925 2361 1108 2438 cogitationi·
1138 2434 1141 2439 ,

127 2443 182 2501 bus
205 2442 341 2500 volutavit
361 2443 501 2516 animum,
520 2453 695 2516 easlevocat
719 2443 750 2499 in
765 2439 910 2510 medium;
932 2451 965 2498 ut
978 2451 1140 2516 quaerereffi

127 2523 226 2596 libeat,
249 2522 367 2598 quinem
391 2531 510 2580 eventus
533 2523 677 2580 Romanis
700 2523 797 2594 rebus,
812 2521 836 2578 si
855 2540 925 2578 cum
939 2520 1122 2579 Alexandro·

123 2603 203 2674 ‘foret
223 2602 371 2670 bellatum,
393 2602 505 2660 futurus
526 2602 621 2680 suerit.
663 2599 822 2658 Plurimum
845 2601 876 2658 iu
901 2600 977 2658 bello
1000 2600 1106 2676 pollere

127 2684 260 2741 videntur
274 2682 398 2739 militum
421 2681 504 2756 copie
517 2692 547 2738 et
560 2681 658 2753 virtus,
673 2680 792 2756 ingenia
815 2679 1031 2754 imperatorum,
1053 2679 1107 2737 sor·

34 2825 35 2832 q
129 2773 210 2835 tuna,
224 2781 277 2836 per
296 2761 394 2818 omnia
415 2756 557 2833 humen'u‚'
575 2760 699 2817 maxime
722 2757 752 2815 iu
776 2777 822 2814 rec
844 2758 973 2826 bellicae,
995 2769 1105 2833 potenS.

102 2907 104 2912 y
129 2840 185 2908 Ea,
209 2850 238 2896 et
259 2839 373 2915 singula
395 2839 520 2897 intuenti
543 2849 572 2896 et
596 2839 740 2905 universe,
755 2837 831 2894 sicut
855 2837 892 2894 ab
906 2837 970 2894 aliis
989 2836 1159 2912 regibusu.
1193 2844 1195 2848 '

130 2913 331 2998 gentibusque,
341 2919 381 2975 ita
394 2919 431 2974 ab
442 2919 500 2975 hoc
510 2937 632 2993 quoque,
643 2915 727 2974 facile
741 2913 878 2991 praesteut
891 2916 1031 2974 invictum
1045 2915 1107 2974 Ro-
1174 2914 1177 2918 ’

130 3017 250 3058 manum
277 2998 437 3072 imperium.
479 2997 545 3054 Jam
572 2995 716 3072 primims
734 3006 767 3052 ut
791 2995 887 3052 ordiar
920 2995 956 3052 eb
983 2995 1107 3052 ducibus

130 3077 341 3154 comparandis,
363 3077 441 3137 haud
455 3075 589 3150 equidem
613 3075 719 3142 abnuo,
733 3073 884 3150 egregium
898 3075 1005 3132 ducem
1019 3075 1107 3132 fuisse

131 3157 349 3225 Alexandrum
371 3156 422 3213 sed
444 3155 594 3214 clariorem
618 3165 716 3214 tamen
740 3172 807 3210 eum
830 3153 909 3221 fecit,
932 3152 1014 3227 qudd.
1031 3172 1107 3210 unus

132 3237 195 3306 fuit,
209 3233 288 3311 qudd
301 3235 469 3294 adolescens
483 3235 513 3293 in
527 3235 708 3292 incremento
722 3252 827 3305 rerum,
842 3232 971 3290 nondum
985 3233 1107 3290 alteram
1116 3249 1143 3290 3⁵

132 3318 276 3378 fortunam
289 3326 432 3391 expertus,
446 3315 580 3372 decessit.
621 3313 660 3371 Ut
674 3313 744 3370 elios
757 3331 840 3388 reges
854 3312 947 3369 claros
961 3311 1109 3387 ducesque
1129 3335 1132 3340 ·

57 3428 59 3441 r
132 3397 271 3463 omittam,
301 3413 409 3470 magna
436 3393 569 3469 exempla
597 3411 718 3456 casuum
740 3393 953 3460 humanorum3
986 3391 1130 3466 Cyrum·

33 3444 76 3536 i
132 3495 219 3556 quem
242 3473 367 3532 maxime
391 3472 487 3530 Graeci
507 3471 641 3528 laudibus
664 3471 821 3542 celebrent,
843 3471 923 3544 quid,
947 3469 1004 3527 nisi
1021 3469 1110 3546 longe

130 3558 198 3630 vite,
222 3555 298 3614 sicut
321 3551 463 3628 Magnum
487 3549 572 3608 modd
586 3550 766 3627 Pompeium,
780 3549 904 3625 vertenti
916 3549 1041 3625 pcaebuit
1055 3549 1110 3607 sor·

132 3637 231 3696 tuuaei
273 3633 458 3692 Recenseem
478 3631 569 3688 duces
589 3629 750 3696 Romanos,
773 3647 830 3686 neo
853 3647 957 3690 omues
977 3625 1109 3686 omnium
1117 3644 1145 3686 co

133 3715 270 3785 entium,
284 3712 334 3769 sed
348 3711 424 3786 ipsos
436 3729 496 3777 eos,
509 3727 577 3766 cum
591 3706 694 3782 quibus
707 3707 875 3765 consulibus
896 3717 946 3765 cut
964 3707 1111 3764 dictatori·

46 3853 52 3860 ,
131 3791 187 3850 buu
219 3790 385 3850 Alexandro
418 3788 472 3848 fuit
504 3787 691 3856 bellandum
725 3785 768 3844 M.
795 3785 947 3846 valerium
970 3785 1109 3860 Corvum,
