2520 4310
118 341 178 400 252
518 337 589 391 run
605 339 692 390 mvn
795 409 798 413 ι

119 493 138 524 “
151 489 160 517 ‘
171 496 353 562 gerentume,
378 501 479 542 curare
500 483 618 541 decuit.’
660 481 787 560 Majores
809 481 910 540 nostri·
926 482 1043 559 nullam,
1056 506 1095 552 ne

34 581 40 600 ¹
114 573 139 624 .“
151 565 290 640 privatam
310 563 437 640 quidem,
460 581 520 620 rem
534 581 621 639 agere
634 562 767 620 soemiuas
780 562 843 618 sine
859 573 989 633 auctore,
1003 567 1097 625 volue-
1195 580 1201 584 '

119 647 217 702 “runt
229 663 237 714 3
259 645 289 701 in
303 663 392 700 manu
406 662 469 700 esse
484 643 644 717 parentum,
658 642 789 714 fratrum,
803 641 938 700 virorum.
980 644 1044 704 Nos
1060 645 1098 722 (si

119 721 215 780 “Diis
237 723 345 801 placet)
368 723 428 799 jam
449 722 537 778 etiam
561 719 770 796 rempublicam
789 739 942 795 capessere
963 741 1013 780 eas
1026 725 1097 800 pati-

118 803 138 832 “
150 819 222 873 mur,
236 813 267 860 et
285 802 346 860 foro
367 801 464 876 prope,
478 811 508 857 et
521 799 722 867 concionibus,
736 808 767 856 et
788 800 915 858 comitiis
930 801 1095 862 immisceri.
1117 821 1131 862 5

15 925 16 930 .
119 879 233 944 “Quid
247 882 326 939 enim
345 881 428 938 uuuc'
439 879 517 937 aliud
535 898 586 954 per
605 879 664 936 vias
688 889 718 936 et
731 878 858 953 compita
872 879 994 953 faciunt,
1007 879 1096 956 quaint

119 961 313 1037 “rogationes
336 961 516 1018 tribunorum
540 957 633 1034 plebis
654 958 786 1030 suadent,
811 957 875 1014 eliae
899 959 995 1035 legem
1016 961 1097 1020 abro-

19 1107 22 1116 ,
119 1042 138 1070 “
149 1041 275 1116 gandam
296 1040 440 1097 censenti
483 1037 558 1094 Date
583 1036 679 1094 frenos
703 1037 854 1112 impotenti
875 1047 995 1110 naturae,
1010 1050 1039 1096 et
1052 1040 1096 1098 in·

15 1111 17 1152 3
105 1119 255 1196 '“domito
278 1118 415 1185 animali3
436 1126 467 1173 et
489 1125 610 1191 sperate,
635 1117 712 1191 ipsas
733 1115 851 1173 modum
864 1116 988 1174 licentiae
1002 1118 1094 1176 factu-

118 1203 204 1268 “ras,
229 1197 285 1255 nisi
312 1217 361 1255 vos
388 1195 522 1252 feceritis.
572 1193 728 1252 Minimum
756 1195 812 1253 hoc
833 1213 930 1252 eorum
950 1206 1002 1267 est,
1026 1213 1129 1272 quaelo

117 1274 247 1351 “iniquo
261 1276 357 1333 animo
368 1274 493 1331 lmmirrae
507 1273 561 1330 sibi
573 1284 622 1331 aut
635 1274 763 1331 moribus
777 1283 826 1330 aut
839 1273 952 1349 legibus
961 1274 1094 1350 injuncta

119 1353 304 1430 “patiuntur.
355 1352 496 1411 Omnium
518 1371 613 1409 rerum
638 1353 810 1429 libertatem,
833 1353 921 1410 immo
936 1353 1093 1422 ‚licentiam

118 1435 138 1464 ‘⁴
151 1432 189 1509 (si
210 1451 276 1490 vera
297 1433 394 1490 dicere
418 1432 681 1508 volumus),deside
736 1441 755 1489 t
796 1431 881 1492 Quid
895 1432 984 1501 enim,
1000 1432 1024 1490 si
1038 1433 1094 1492 boc

117 1515 134 1542 ‘⁸
146 1512 382 1588 expugnaverint,
396 1530 454 1568 uon
468 1511 643 1568 tentabuntt
676 1451 734 1615 ἵ
771 1547 774 1550 ,

58 1608 118 1743 d<
157 1671 215 1730 ΙΙΙ.
239 1673 257 1710 ‘'‘
268 1672 437 1731 Recensete
447 1673 545 1730 omnia
559 1671 710 1730 muliebria
728 1671 803 1750 jura,
817 1672 923 1748 quibus
943 1670 1092 1732 licentiam
1103 1684 1127 1727 15

117 1755 244 1810 “earum
259 1751 437 1827 alligaverint
458 1751 580 1826 majores
600 1752 699 1824 nostri,
712 1771 763 1827 per
782 1753 901 1827 quaeque
916 1752 1093 1828 subjecerint

116 1830 214 1888 “viris
226 1849 233 1888 t
254 1831 357 1908 quibus
370 1830 505 1888 omnibus
518 1831 688 1887 constrictas
702 1831 749 1887 vix
767 1841 865 1888 tamen
879 1831 1027 1888 continere
1040 1849 1091 1906 po.-

116 1909 236 1968 “testis
277 1909 383 1971 Quidt
406 1910 429 1966 si
450 1928 568 1984 carpere
590 1908 712 1984 singula,
735 1919 765 1967 et
785 1920 962 1983 extorquere,
986 1919 1016 1966 et
1039 1927 1091 1966 ex-

116 1996 136 2024 “
149 1988 253 2062 aequari
274 1990 310 2044 ad
322 1999 483 2045 extremum
504 1988 571 2045 viris
591 1988 749 2063 patiemini,
771 1989 935 2046 tolerabiles
949 1988 1028 2045 vobis
1041 2006 1091 2046 ees

116 2074 135 2101 “
147 2065 207 2124 fore
221 2067 362 2122 creditis?
397 2062 575 2141 Extemplo,
590 2067 675 2124 simul
699 2086 782 2142 pares
802 2087 865 2124 esse
879 2068 1030 2143 coeperint,
1045 2087 1090 2126 su·
1100 2080 1127 2120 so

115 2147 134 2175 “
146 2143 272 2222 periotes
285 2155 378 2202 eruut.
420 2147 461 2202 At
485 2145 628 2222 (Hercule
641 2147 663 2225 l)
679 2146 796 2221 nequid
811 2165 917 2203 novum
937 2147 969 2202 in
984 2165 1035 2204 eas
1048 2165 1092 2206 ro·

116 2227 135 2255 “
145 2235 239 2300 getur,
254 2234 404 2282 recusant:
426 2241 483 2282 non
496 2225 553 2300 jus,
567 2226 618 2282 sed
640 2224 773 2301 injuriam
787 2224 988 2298 deprecantur.
1031 2225 1092 2282 Irn-

115 2304 193 2360 “mo
207 2312 248 2376 ut,
262 2313 347 2377 quam
372 2303 535 2378 accepistis,
554 2304 680 2379 jussistis
704 2303 844 2378 suffragiis
867 2302 970 2360 vestris
983 2303 1091 2379 legem,

15 2411 22 2424 ·
115 2389 230 2456 “quam
253 2401 307 2440 usu
321 2392 362 2440 tot
385 2399 527 2440 annorum
549 2393 579 2440 et
592 2383 766 2459 experiendo
780 2381 999 2458 comprobastis,
1013 2383 1092 2442 hanc

115 2464 178 2518 “ut
191 2461 354 2538 abrogetis:
377 2463 405 2518 id
419 2473 473 2530 est,
488 2473 528 2530 ut,
551 2481 639 2520 unam
653 2462 780 2520 tollendo
794 2461 899 2536 legem,
913 2473 1035 2519 caeteras
1048 2462 1125 2520 iri-as

27 2603 31 2610 ,
115 2549 135 2578 “
146 2539 274 2599 firmetis.
316 2541 405 2598 Nulla
418 2542 466 2599 lex
480 2542 549 2600 eatis
562 2543 715 2600 commode
728 2541 863 2598 omuibus
876 2552 940 2598 est:
960 2539 991 2598 id
1005 2539 1099 2600 modri-

116 2625 133 2652 “
144 2621 289 2695 quaeritur,
304 2621 327 2677 si
342 2621 442 2696 majori
455 2622 527 2696 parti
542 2633 572 2680 et
592 2622 621 2678 in
637 2637 779 2678 summam
792 2621 917 2696 prodest.
960 2619 1002 2687 Si,
1013 2621 1089 2694 quod

116 2708 135 2736 “
147 2700 282 2775 cuiquam
302 2700 434 2774 privatim
455 2701 562 2758 officiet
579 2702 636 2777 jus,
648 2705 649 2710 ’
661 2700 690 2756 id
712 2701 842 2757 destruet
860 2719 894 2756 ac
909 2698 1089 2772 demolietur,

115 2777 214 2851 “quid
228 2779 361 2835 attinebit
381 2779 529 2837 universos
551 2796 651 2856 rogare
672 2780 762 2856 leges,
776 2797 848 2853 quas
861 2793 928 2836 mox
941 2777 1087 2855 abrogare,

114 2865 133 2892 “
144 2855 175 2912 in
189 2874 260 2929 quos
273 2855 337 2912 latae
361 2869 437 2928 sunt,
452 2858 561 2934 possint
574 2861 584 2914 l
627 2858 701 2916 Volo
721 2869 819 2916 tamen
834 2859 943 2924 audire,
957 2855 1025 2931 quid
1038 2855 1086 2924 sit,
1095 2869 1125 2910 ao

113 2935 257 3010 “propter
280 2935 355 3010 quod
376 2947 513 2995 matronae
528 2947 719 2996 consternatae
733 2947 939 3014 procurrerunt
951 2936 982 2993 iu
995 2935 1090 3012 publi·

113 3017 219 3079 “cum‚
244 3033 279 3072 ao
302 3015 349 3071 vix
375 3015 436 3072 foro
460 3037 490 3074 se
513 3027 542 3074 et
566 3013 708 3074 concione
730 3017 885 3074 abstinetis.
903 3015 966 3073 *Ut
984 3014 1091 3090 captivi

112 3100 130 3128 “
144 3092 181 3148 ab
195 3092 360 3152 Hannibale
384 3097 562 3153 redimantur
576 3108 719 3171 parentes,
733 3095 796 3163 viri,
811 3095 905 3163 liberi,
928 3095 1029 3152 fratres
1043 3111 1091 3152 ea·

111 3175 229 3230 “rnml
272 3173 376 3232 Procul
401 3175 491 3248 abest,
516 3175 646 3250 absitque
668 3195 791 3252 semper,
814 3175 877 3232 talis
899 3173 1015 3230 fortuna
1036 3173 1091 3230 rei·

112 3261 131 3289 ‘⁶
143 3251 285 3328 publicae!
329 3255 388 3311 Sed
402 3265 510 3325 temen,
531 3273 619 3329 quum
633 3253 696 3328 stiit,
718 3255 847 3330 negastis
861 3255 915 3311 hoc
928 3253 984 3328 piis
998 3251 1127 3327 preci-³5

112 3341 131 3370 ‘⁴
143 3332 319 3400 busearum.
361 3332 402 3389 At
426 3352 484 3390 non
509 3334 601 3408 pietas
624 3335 697 3401 nec.
706 3334 868 3392 sollicitudo
881 3351 933 3408 pro
954 3331 1024 3405 suia,
1038 3332 1090 3398 sed

112 3417 129 3444 “
141 3411 252 3488 religio,
274 3412 461 3488 congregarit
484 3431 542 3470 eas.
586 3412 711 3471 Matrem
736 3412 856 3480 Idaeam,
882 3410 1089 3468 aPessiuunte

86 3551 90 3556 ,
110 3495 130 3524 “
141 3510 177 3548 ex
190 3491 315 3568 Phrygis
339 3492 524 3564 venientem,
540 3503 701 3568 accepturae
721 3503 797 3550 sunt.
838 3491 921 3553 Quid
936 3487 1089 3548 honestum

111 3579 130 3607 “
142 3571 223 3628 dictu
238 3571 339 3629 saltem
348 3569 487 3628 'seditioni
500 3572 688 3646 pretenditur
701 3571 836 3629 muliebri
849 3573 860 3626 l
904 3569 963 3627 ‘Ut
977 3587 1047 3627 auro
1059 3579 1091 3626 et

110 3653 129 3680 “
142 3651 285 3724 ‘purpura
309 3649 492 3725 fulgeamus’
507 3644 600 3724 inquit
612 3671 620 3720 3
644 3660 696 3708 ‘ut
719 3650 878 3726 carpentis,¹
889 3649 970 3706 sestis
983 3645 1126 3725 profes-ea

111 3727 255 3799 “‘tisque
278 3727 389 3795 diebus,
404 3728 482 3784 velut
505 3729 715 3802 triumphantes
738 3730 775 3785 de
789 3729 854 3805 lege
876 3729 995 3787 victitet
1009 3727 1097 3785 abr0·'

110 3809 130 3838 ‘⁸
142 3805 151 3832 ‘
162 3803 239 3876 gatti,
254 3814 284 3859 et
297 3805 388 3878 captis
402 3816 431 3862 et
444 3805 549 3880 ereptis
563 3807 707 3882 suffragiis
721 3808 832 3874 vestris,
843 3827 895 3882 per
909 3809 1011 3865 urbem
1023 3824 1091 3866 veo·

110 3879 130 3913 “
141 3882 149 3908 ‘
160 3887 273 3935 temur:
295 3899 332 3936 ne
347 3882 422 3939 ullus
435 3885 537 3944 modus
550 3886 721 3960 sumptibus,
736 3905 774 3943 ne
788 3886 909 3944 luxuriae
923 3886 980 3945 sit!
