2520 4310
94 325 156 386 206
209 386 214 394 Ι
366 321 797 374 T1T1L1v11xx11.crr›.m.
900 311 902 316 ’
992 327 996 340 ·

96 481 205 544 rusque
218 456 307 542 super
327 475 454 524 veterem
466 465 562 524 luctus
575 473 618 524 tut
634 463 749 540 jactura
761 461 870 522 civium
884 460 1015 539 adjectus
1027 480 1072 522 es-

95 555 151 614 set,
175 563 244 603 cum
267 544 381 622 maguis
401 543 516 602 fletibus
538 543 743 618 questibusque
765 541 876 619 legatos
900 541 937 599 ad
961 551 1072 616 portam
1122 596 1154 612 ,,
1245 607 1246 634 ἦ

95 622 242 700 prosecuti
255 632 331 681 suut.
372 620 457 681 Unus
470 640 509 693 ex
519 621 555 681 iis
569 622 686 680 domum
701 620 782 689 abiit,
795 619 876 696 qudd
887 619 985 678 fallaci
999 619 1074 677 redi-

95 711 129 760 tu
143 701 174 760 in
188 711 282 772 castre
299 701 487 778 jurejurando
506 719 537 760 se
549 700 726 774 exsolvisset.
766 697 857 762 Quod
870 699 923 756 ubi
936 698 1075 767 innotuit,

95 779 276 856 relatumque
299 780 336 837 ad
350 791 482 838 senatum
503 787 556 848 est,
570 786 872 846 omnes'censueruut,
885 776 1076 852 comprehen·
1097 789 1111 828 ⁵

97 857 227 918 dendum
240 868 270 916 et
283 859 451 917 custodibus
471 857 586 934 publice
600 856 675 915 datis
689 853 947 914 deducendum'ad
962 855 1077 914 Hanni-

96 935 194 996 balem
214 955 286 995 esse.
328 937 382 996 Est
405 947 435 994 et
457 935 514 994 alia
537 936 574 992 de
595 935 715 1010 captivis
739 935 826 1007 fama,
849 935 954 991 decem
967 933 1077 1008 primos

14 1041 15 1050 ¹
97 1011 211 1073 venisse
223 1035 231 1072 a
245 1015 282 1073 de
296 1015 339 1073 eis
352 1032 441 1090 quum
454 1013 616 1071 dubitatum
630 1013 661 1070 iu
675 1023 778 1070 senatu
791 1023 877 1083 esset,
889 1011 1076 1070 admitteren-

97 1103 145 1162 tur
158 1093 190 1150 in
212 1094 324 1161 urbem,
345 1110 457 1160 necne3
479 1091 520 1149 ita
532 1090 672 1148 admissos
695 1108 769 1158 esse,
783 1109 821 1147 ne
834 1102 933 1148 tamen
944 1090 979 1146 iis
992 1109 1074 1148 seua·

96 1182 146 1230 tus
159 1170 283 1229 daretur.
324 1170 506 1229 Morantibus
529 1169 636 1226 deiude
654 1168 770 1244 longius
783 1168 912 1226 omnium
926 1186 986 1242 spe,
1001 1167 1073 1232 alios
1084 1183 1110 1224 ro

96 1259 156 1307 tres
169 1243 286 1325 insuper
299 1249 409 1325 legatos
432 1247 556 1314 venisse,
570 1246 604 1304 L.
620 1245 817 1319 Scribonium,
831 1257 861 1304 et
875 1245 910 1302 C.
919 1245 1074 1321 ,Calpurni-

97 1344 157 1397 um,
172 1337 202 1384 et
224 1327 259 1385 L.
273 1326 434 1384 Manlium:
455 1336 517 1382 tum
531 1325 647 1381 demum
672 1323 709 1381 ab
723 1336 847 1401 cognato
869 1324 1014 1382 Scribonii
1028 1324 1077 1382 tri-

98 1405 178 1462 buno
190 1404 282 1480 plebis
296 1405 332 1461 de
346 1403 523 1462 redimendis
543 1401 663 1478 captivis
677 1403 800 1460 relatum
813 1421 888 1470 esse,
903 1421 960 1460 nec
974 1421 1078 1461 censu·

98 1483 156 1542 isse
170 1482 354 1541 redimendos
375 1491 525 1540 senatum:
547 1491 577 1538 et
599 1499 701 1540 novos.
712 1482 821 1558 legatos
835 1491 895 1539 tres
913 1481 950 1538 ad
965 1481 1079 1539 Hanni·

98 1559 194 1619 balem
208 1562 367 1630 revertisse,
380 1561 485 1618 decem
498 1569 609 1616 veteres
629 1559 801 1617 remansisse
813 1579 822 1629 3
843 1558 933 1634 quiid,
946 1578 998 1635 per
1011 1578 1078 1617 cau·
1090 1580 1115 1620 ιο

99 1657 162 1697 sam
176 1638 404 1716 recognoscendi
427 1637 545 1696 nomina
569 1637 746 1714 captivorum
771 1639 808 1695 ad
829 1637 1029 1696 Hannibalern
1042 1657 1085 1697 ex·

100 1717 205 1776 itinere
218 1718 351 1796 regressi,
366 1716 505 1796 religione
529 1735 592 1774 sese
606 1717 814 1774 exsolvissent:
835 1718 872 1773 de
887 1717 922 1773 iis
936 1718 1079 1774 dedendis

100 1796 209 1872 magnai
222 1796 407 1856 contentione
431 1804 528 1853 actum
549 1795 580 1852 iu
594 1805 696 1852 senatu
710 1815 794 1864 esse3
815 1795 962 1870 victosque
975 1796 1078 1870 paucis

101 1875 263 1944 sententiis,
285 1875 333 1951 qui
347 1874 495 1932 dedendos
506 1873 687 1932 censuerint:
702 1873 841 1932 caeterdm
861 1873 996 1948 proximis
1008 1891 1077 1930 ocn-

101 1952 215 2010 soribus
238 1954 311 2010 udeb
324 1952 457 2010 omnibus
478 1952 553 2010 notis
564 1952 787 2028 ignominiisque
799 1952 947 2010 confectos
957 1969 1031 2020 esse,
1046 1962 1080 2009 ut
1089 1970 1116 2010 sa

101 2029 220 2102 quidam
230 2048 329 2088 eorum
340 2041 461 2087 mortem
472 2030 526 2086 sibi
537 2029 591 2107 ipsi
602 2032 745 2106 extemplo
756 2031 966 2100 consciverint;
982 2030 1080 2087 caeteri

85 2134 88 2140 ·
103 2125 163 2166 non
177 2106 237 2165 foro
250 2108 341 2166 solum
354 2107 433 2165 omni
447 2107 553 2164 deinde
576 2109 645 2182 vitri,
669 2111 720 2166 sed
731 2111 817 2184 prope
828 2109 895 2166 luce
906 2128 942 2166 ac
951 2109 1080 2184 publico,

104 2185 259 2244 caruerint.
274 2185 375 2244 Mirari
382 2185 484 2262 magis,
493 2185 567 2243 adeo
576 2187 742 2264 discrepare
751 2188 823 2246 inter
830 2198 972 2254 auctores,
982 2187 1081 2262 quim,

36 2286 46 2326 ·,
104 2265 174 2337 quid
182 2265 241 2321 veri
253 2265 470 2332 sit,discernere
479 2283 576 2346 qpeas
597 2265 720 2328 Quanto
731 2267 825 2322 autern
837 2264 926 2339 major
935 2283 971 2321 ea
981 2265 1083 2322 clades
1137 2291 1153 2295 ·*

106 2341 301 2418 superioribus
314 2343 445 2401 cladibus
458 2327 612 2416 fueriiJvel
633 2363 669 2402 ea
682 2363 729 2402 res
743 2343 851 2401 indicio
864 2354 918 2415 est,
931 2343 1020 2417 qubd,
1034 2342 1083 2417 qui
1093 2359 1120 2402 an

106 2420 249 2478 sociorum
263 2421 378 2479 adeam
392 2422 469 2479 diem
483 2423 557 2480 firmi
572 2432 720 2495 steterant,
734 2432 796 2479 tum
809 2420 907 2478 labore
921 2432 1084 2496 coeperunt,

107 2498 187 2556 nulli
197 2497 325 2575 profecto
337 2500 438 2558 alibde
446 2519 487 2568 re,
496 2501 581 2575 quim
590 2500 665 2578 qudd
677 2502 900 2576 desperaverant
908 2500 945 2556 de
954 2499 1083 2575 imperio.

107 2575 251 2636 Defecere
275 2588 372 2636 autem
395 2578 431 2634 ad
455 2577 560 2636 Poenos
581 2579 612 2635 hi
635 2579 752 2656 populi:
784 2578 923 2648 Atellani,
946 2577 1084 2648 Calatini,

108 2654 238 2733 Hirpini,
262 2656 422 2731 Apulorum
445 2674 521 2731 pars,
543 2657 688 2714 Samnites
708 2667 811 2731 praeter
834 2657 966 2724 Pentros,
980 2655 1085 2713 Bruttii

110 2752 223 2806 omnes,
237 2734 367 2792 Lucani-2
389 2744 491 2808 praeter
504 2735 556 2794 hos
577 2733 751 2801 Surrentini,
766 2743 796 2791 et
808 2735 978 2792 Graecorum
991 2735 1118 2796 omnisne

108 2811 200 2868 ferme
213 2829 274 2877 ora,
298 2811 462 2879 Tarentini,
478 2811 681 2888 Metapontini,
695 2811 913 2886 Crotonienses,
932 2813 1083 2887 Locrique,

108 2887 294 2965 ctCisalpini
316 2907 418 2947 omnes
440 2890 524 2947 Galli.
565 2889 632 2948 Nec
656 2901 753 2948 tamen
778 2891 822 2952 hae
837 2891 936 2948 clades
949 2888 1086 2949 defectio·

110 2984 221 3041 nesque
242 2965 384 3024 sociorum
408 2979 566 3041 moverunt,
588 2980 620 3026 ut
632 2969 714 3044 pacis
727 2987 855 3044 unquam
877 2970 986 3028 mentio
1009 2969 1086 3045 apud
1177 3017 1183 3027 „
1245 2951 1246 2966 ἵ

110 3045 262 3103 Romanos
285 3044 384 3114 fieret3
415 3065 508 3122 neque
530 3057 596 3105 aute
619 3047 747 3106 consulis
769 3048 896 3105 Romam
920 3049 1086 3122 adventum,

111 3141 169 3181 nec
181 3131 330 3198 postquam
344 3123 369 3180 is
382 3125 476 3193 rediit,
490 3126 692 3201 renovavitque
706 3126 875 3184 memoriam
889 3117 1017 3201 accepte
1031 3126 1120 3190 cla-35
1212 3197 1214 3202 Α

113 3202 177 3259 dis:
198 3219 255 3276 quo
278 3201 308 3260 in
322 3211 449 3278 tempore
469 3203 531 3280 ipso
544 3203 616 3262 aded
630 3221 737 3281 magno
750 3205 848 3262 animo
862 3204 962 3262 civiles
976 3203 1041 3272 fuit,
1056 3216 1088 3262 ut

112 3280 234 3353 consuli,
248 3299 286 3339 ex
300 3282 381 3342 tanti
395 3283 488 3356 clade,
502 3283 585 3359 cujus
599 3283 660 3358 ipse
674 3302 764 3340 causa
777 3283 904 3340 maxima
917 3282 1030 3351 suisset,
1044 3301 1088 3340 re-

113 3359 224 3432 deunti,
238 3370 268 3418 et
280 3359 395 3419 obviim
414 3361 487 3420 itum
501 3360 664 3437 frequenter
678 3362 715 3420 ab
728 3361 863 3420 omuibus
876 3362 1027 3424 ordinibus
1041 3361 1087 3430 sit,

112 3447 143 3497 et
155 3438 254 3516 gratiae
275 3450 356 3510 actae,
377 3439 455 3516 qubd
468 3440 506 3497 de
527 3440 756 3514 republicinon
770 3440 967 3516 desperisset:
990 3440 1049 3508 cui,
1064 3440 1087 3497 si

111 3517 399 3654 ¹{larthaginiensium
413 3519 514 3580 ductor
528 3517 638 3587 fuisset,
652 3517 725 3578 nihil
745 3521 941 3584 recusandum
955 3518 1089 3597 supplicii
1098 3544 1124 3584 ω

123 3606 192 3656 oret.
