2556 4314
70 355 73 362 ,
128 304 185 364 168
326 263 333 274 ’
456 353 459 358 ,
522 305 593 356 τιτι
609 303 697 385 rrvu

129 517 132 523 ,
166 448 203 508 V.
223 446 369 508 Ceterum
383 463 420 506 ex
432 466 490 524 quo
503 447 551 507 die
565 448 624 507 dux
636 457 681 526 est
694 446 867 520 declaratus,
885 445 964 504 velut
977 446 1062 514 Italia
1073 449 1105 518 'ci

126 528 275 605 provincia
298 529 424 596 decreta,
445 527 610 602 bellumque
631 527 799 584 Romanum
823 527 991 584 mandatum
1014 539 1103 604 esset,

96 640 100 648 ·
126 607 198 665 nihil
211 607 411 682 prolatandum
435 617 524 676 ratus,
546 625 585 668 ue
598 625 629 668 sc
643 625 765 681 quoque,
779 615 811 664 ut
829 615 941 682 patrem
956 605 1105 666 Hamilca·
1133 629 1136 634 ·

65 731 68 738 .
126 685 326 755 rem„deinde
348 685 571 762 Hasdrubalem,
594 695 782 743 cunctantem
796 703 882 742 casus
895 684 998 760 aliquis
1011 686 1105 763 oppri-

52 777 55 784 '
123 775 226 822 rueret.
268 764 438 842 Saguntinis
459 764 565 827 inferre
588 763 696 822 bellum
720 763 838 821 statuit:
868 763 972 846 quibus
993 783 1140 842 oppug·⁵

99 839 102 846 ’
125 843 230 904 nandis
243 844 311 919 quia
324 844 402 901 haud
416 843 502 901 dubie
517 843 653 900 Romana
667 861 745 900 arma
758 841 956 916 movebantur,
971 843 1002 903 iu
1016 844 1104 902 Olca-

126 923 196 980 dum
210 922 284 981 fines
296 921 376 998 prids
391 921 479 998 (ultra
493 922 610 983 Iberum
624 941 659 979 ea
671 940 747 998 gens
757 921 788 978 iu
802 932 883 996 parte
897 921 1001 998 magis,
1015 921 1102 998 quim
1154 934 1156 938 ’

125 1001 156 1060 in
181 1001 300 1076 ditione,
327 1000 616 1076 Carthaginiensium
638 1001 713 1077 erat)
739 999 1045 1073 induxit.·exercitum‚
1070 1011 1103 1060 ut

125 1100 184 1139 non
208 1082 313 1156 petisse
338 1080 526 1157 Saguntinos,
551 1079 602 1138 sed
628 1095 725 1158 rerum
744 1079 828 1151 serie,
843 1079 971 1150 finitimis
985 1081 1103 1139 domitis

124 1160 269 1236 gentibus,
288 1158 504 1236 jungendoque‚
528 1168 637 1217 tractus
661 1158 698 1214 ad
720 1156 749 1215 id
770 1158 878 1215 bellum
892 1159 979 1216 videri
992 1170 1098 1235 posset.
1112 1178 1138 1218 ro

125 1239 280 1315 Cartejam,
304 1240 406 1296 urbem
426 1238 602 1314 opulentam,
626 1247 714 1313 caput
736 1237 833 1313 gentis
857 1237 927 1314 ejus,
941 1248 1099 1314 expugnat,

124 1318 286 1394 diripitque.
327 1317 398 1380 Quo
410 1329 489 1376 metu
502 1311 641 1394 perculsae
663 1316 788 1374 minores
802 1315 942 1383 civitates,
957 1317 1101 1392 stipendio

124 1397 267 1473 imposito,
293 1397 445 1473 imperium
459 1395 608 1473 accepere.
651 1395 753 1454 Victor
766 1395 921 1470 exercituo,
934 1397 1101 1472 opulentus-

125 1476 309 1552 quesspraedd,
334 1476 540 1552 Carthaginem
555 1475 672 1550 Novam¹
693 1475 723 1532 in
747 1476 869 1533 hiberna
892 1485 936 1533 est
949 1477 1099 1536 deductus.

46 1549 71 1629 ι’
125 1554 171 1613 Ibi
185 1555 263 1632 large
278 1555 426 1632 partiendo
439 1556 576 1632 praedam,
588 1555 731 1630 stipendio
744 1555 887 1633 praeterito
901 1574 969 1612 cum
982 1556 1039 1613 fide
1053 1575 1101 1615 ex·
1112 1576 1136 1617 15
1181 1615 1183 1618 ,

58 1645 64 1654 ’
125 1635 271 1703 solvendo,
286 1635 401 1692 cunctis
424 1634 530 1692 civium
549 1634 748 1709 sociorumque
763 1634 867 1692 animis
881 1635 911 1693 in
924 1654 959 1700 ,se
971 1635 1100 1704 firmatis,

39 1743 40 1746 ¹
124 1731 191 1771 vere
205 1714 297 1790 primo
319 1714 350 1772 in
371 1713 512 1772 Vaccaeos
525 1724 687 1790 promotum
701 1713 816 1772 b'ellum.
859 1713 1057 1772 Hermandica
1070 1724 1101 1773 et

125 1793 272 1851 Arbocala
285 1793 371 1852 urbes
384 1793 411 1849 vi
427 1799 527 1869 captae.
549 1793 697 1851 Arbocala
706 1783 738 1850 'et
758 1795 861 1852 virtute
872 1806 902 1850 et
915 1794 1100 1851 multitudiue

124 1872 332 1948 oppidanorum
345 1872 396 1930 diu
409 1873 537 1930 defensa.
578 1874 627 1930 Ab
641 1873 980 1949 Hermandicdprosugi,
994 1872 1101 1936 exsuli·

125 1950 179 2008 bus
200 1947 355 2025 Olcadum,
369 1952 463 2028 priore
485 1961 582 2010 aestate
596 1952 711 2010 domitae
724 1952 830 2030 gentis,
844 1971 933 2027 quum
946 1971 977 2009 se
989 1947 1100 2029 junxis-
1109 1971 1137 2012 so

125 2038 199 2102 sent,
223 2030 370 2088 concitant
385 2031 563 2108 Carpetanos
575 2051 592 2092 :.
604 2032 751 2108 adortique
772 2031 968 2089 Hannibalem
989 2050 1100 2108 regres-
1159 2046 1162 2050 ·

124 2125 188 2166 sum
202 2127 239 2166 ex
252 2109 395 2182 vacceia,
420 2109 497 2168 haud
520 2111 620 2187 procul
645 2111 730 2188 Tago
754 2111 873 2168 flumine
895 2129 999 2192 agmen
1012 2128 1100 2188 grave

124 2187 222 2264 praeda
249 2188 407 2258 turbavere,
449 2190 597 2248 Hannibal
624 2191 725 2267 proelio
749 2190 907 2259 abstinuit;
940 2191 1099 2269 castrisque

124 2277 210 2343 'super
223 2267 314 2342 ripam
327 2267 436 2344 positis,
450 2289 539 2345 quum
562 2270 655 2345 prima
668 2271 750 2345 quies
768 2269 968 2343 silentiumque
983 2270 1019 2326 ab
1034 2269 1101 2327 hos·

124 2344 201 2403 tibus
227 2345 290 2414 suit,
311 2365 431 2405 amnem
451 2350 524 2407 vado
545 2349 677 2426 trajecit:
699 2350 827 2425 valloque
850 2348 891 2406 ita
903 2348 1054 2426 producto,
1068 2359 1135 2408 utus
1169 2375 1173 2384 =

123 2423 220 2482 locum
244 2425 280 2482 ad
304 2426 575 2502 transgrediendum
599 2429 696 2486 hostes
720 2429 870 2500 haberent,
894 2427 1029 2485 invadere
1050 2446 1103 2486 eos
1141 2456 1144 2462 ·

124 2513 306 2562 transeuntes
320 2505 427 2562 statuit.
469 2506 622 2580 Equitibus
635 2507 782 2582 praecepit,
797 2515 839 2574 ut,
853 2525 942 2580 quum
956 2507 1100 2582 ingressos

125 2601 228 2658 aquam
249 2583 388 2660 viderent,
404 2583 591 2642 adorirentur.
612 2601 615 2604 ·
634 2584 767 2646 Peditum
792 2603 898 2662 agmen
912 2585 942 2641 in
956 2586 1028 2661 ripa,
1042 2586 1100 2642 ele-
1193 2605 1196 2610 ·

124 2659 248 2739 phantos
272 2663 338 2720 antri
362 2663 552 2740 quadraginta
575 2663 723 2739 disposuit.
776 2663 1005 2739 Carpetanorum
1032 2681 1099 2722 curn

124 2741 333 2818 appendicibus
346 2740 491 2800 Olcadum
505 2743 752 2818 Vaocaeorutnque
766 2752 885 2800 centum
899 2743 989 2801 millia
1002 2743 1080 2800 utre
1089 2761 1098 2815 3
1107 2763 1134 2804 ao

124 2819 232 2877 invicta
245 2820 332 2888 acics,
355 2821 379 2877 si
402 2840 482 2896 aequo
506 2821 689 2879 dimicaretur
708 2840 819 2897 campo.
861 2821 963 2896 Itaque
977 2832 1006 2880 et
1018 2823 1100 2899 inge-

123 2897 173 2955 nio
187 2897 307 2966 feroces,
321 2907 351 2955 et
373 2899 555 2959 multitudine
578 2900 652 2969 freti,
666 2910 696 2959 et
708 2899 784 2976 qudd
805 2910 885 2958 metu
899 2901 1023 2959 cessisse
1037 2919 1100 2959 cre-

123 2976 232 3034 debant
257 2977 380 3050 hostem,
405 2977 436 3034 id
459 2979 562 3036 morari
586 2980 735 3038 victoriam
758 2979 823 3053 rati,
846 2978 924 3054 qudd
948 2981 1099 3040 interesset

124 3055 228 3123 amnis,
243 3053 368 3112 clamore
382 3056 502 3130 sublato,
516 3059 622 3133 passim
644 3059 707 3116 sine
720 3058 807 3116 ullius
820 3059 952 3135 imperio,
966 3060 1023 3136 qud
1037 3060 1099 3119 cui·

121 3153 179 3210 que
193 3133 354 3210 proximum
368 3144 422 3203 est,
436 3135 466 3193 in
478 3155 593 3194 amnem
602 3147 698 3196 ruunt.
727 3135 768 3197 Et
779 3155 816 3195 ex
829 3148 910 3214 parte
924 3139 1015 3196 alterb
1027 3139 1132 3216 ripaeas
1165 3133 1169 3141 ’

123 3213 166 3270 vis
187 3212 291 3289 ingens
301 3212 429 3289 equitum
442 3214 473 3272 in
485 3215 592 3274 flumen
603 3217 741 3290 immissa,
755 3217 906 3294 medioque
917 3217 999 3282 alveo
1008 3219 1100 3278 haud-

122 3291 268 3369 quaquam
288 3292 359 3369 pari,
373 3295 541 3354 certamine.
552 3314 743 3365 concursum-3
764 3295 870 3376 quippe
888 3296 937 3354 ubi
950 3295 1040 3372 pedes
1054 3297 1099 3358 iu·

122 3371 243 3445 stabilis,
257 3390 293 3430 ac
305 3372 353 3431 vix
365 3373 439 3432 vado
452 3374 553 3442 fidens,
568 3375 612 3432 vel
627 3374 663 3432 ab
683 3374 787 3434 inermi
801 3375 907 3451 equite,
921 3393 995 3450 equo
1008 3385 1098 3436 tems·

122 3450 155 3511 re
170 3461 245 3526 acto,
257 3452 380 3528 perverti
393 3461 506 3528 posset;
528 3471 624 3526 eques,
638 3453 757 3531 corpore
771 3455 914 3530 armisque
927 3453 1010 3528 liber,
1024 3473 1099 3531 equo

120 3531 165 3590 vel
186 3549 237 3607 per
257 3531 367 3590 medios
379 3530 508 3607 gurgites
521 3531 625 3604 stabili,
643 3534 776 3592 cominus
788 3533 959 3609 eminusque
973 3553 1036 3592 rem
1048 3553 1098 3612 ge·
1106 3553 1133 3596 to

121 3619 205 3669 reret.
227 3606 297 3684 Pars
310 3627 416 3686 magna
428 3607 547 3668 flumine
561 3609 729 3688 absumpta:
743 3612 870 3689 quidam,
883 3612 1025 3672 vorticoso
1039 3631 1099 3672 am·

122 3687 155 3746 ni
177 3685 265 3745 delati
278 3687 319 3744 'in
340 3687 446 3753 hostes,
469 3687 506 3743 ab
529 3687 689 3763 elephantis
711 3691 808 3750 obtriti
832 3700 919 3750 suut:
948 3691 1096 3768 postremi,

122 3762 227 3838 quibus
239 3781 386 3841 regressus
398 3763 430 3822 in
443 3781 525 3824 suam
546 3765 637 3842 ripam
650 3767 737 3827 tutior
750 3769 813 3844 fuit,
827 3788 865 3828 ex
880 3769 960 3829 varia
968 3769 1098 3850 trepida·
