2556 4314
501 267 673 354 arenaria.
690 316 828 354 ciam.
965 289 973 300 “
1096 295 1158 362 latt

180 449 260 526 requi
282 460 311 508 te
325 457 442 526 captum
454 447 566 516 victori,
581 441 650 506 cuin
667 447 726 523 qud
738 457 819 524 potes
832 445 899 520 fide,
913 443 1059 506 restituisl
1099 443 1154 504 Po-

129 557 131 562 ·
181 529 311 606 “pulum
335 530 505 588 Romanum
526 522 657 605 appello;
678 545 765 602 quem
783 527 807 584 ai
821 525 981 602 sponsionis
993 527 1030 584 ad
1043 525 1155 584 Furcu·
1195 571 1197 575 .

181 617 201 646 ‘⁴
212 608 256 666 las
270 609 419 667 Caudinas
433 607 515 665 factae
525 606 655 684 poenitet,
667 606 798 663 restituat
811 606 940 682 legiones
953 605 1028 663 intra
1040 605 1154 680 saltum,
1256 653 1257 662 ,

182 696 271 762 “quo
285 698 372 764 septae
397 687 521 745 suerunt.
562 686 659 744 Nemo
679 703 851 762 quemquam
872 684 1019 760 deceperit
1032 685 1157 748 somnia
1256 725 1257 738 ,

156 769 203 809 ⁵“
214 786 267 842 pro
288 765 395 825 infecto
419 766 495 827 sint:
516 765 658 842 recipiant
678 783 768 839 arma,
782 782 846 839 qure
859 783 911 839 per
924 763 1157 840 pactionemtra·
1256 809 1257 842 3

182 847 369 904 “diderunt:
390 843 511 903 redeant
530 846 561 903 in
584 855 678 902 castra
691 862 752 901 sua.
793 843 946 918 Quidquid
959 841 1054 920 pridie
1067 841 1157 902 habu·
1256 853 1257 882 i

176 923 202 959 '“
214 935 308 994 erunt,
323 923 409 1000 quam
423 925 453 995 in
467 924 640 999 colloquium
654 933 698 980 est
718 932 846 996 ventum,
861 923 1003 982 habeant:
1023 931 1085 982 turn
1100 921 1167 1000 bet,

181 1004 273 1062 “lum
287 1014 316 1070 et
329 1004 412 1062 fortia
434 1003 555 1061 consilia
574 1003 728 1078 placeant3
749 1011 820 1060 tunc
834 1002 951 1078 sponsio
963 1013 994 1060 et
1006 1019 1063 1078 pax
1077 1020 1160 1078 repu-

180 1086 199 1114 “
211 1083 315 1157 d-ietur.
357 1082 403 1140 Ea
426 1082 550 1151 fortuna,
565 1082 601 1140 iis
623 1081 704 1150 locis,
719 1099 783 1157 quae
805 1092 872 1139 ante
886 1081 966 1157 pacis
975 1076 1158 1140 ,mentionem

79 1161 83 1170 '
143 1164 200 1218 ro“
211 1162 375 1230 habuimus,
400 1181 534 1238 geramus
558 1159 685 1219 bellum:
706 1180 764 1219 nec
786 1161 909 1237 populus
922 1161 1076 1219 Romanus
1089 1179 1159 1218 con·
1255 1207 1257 1224 .

101 1258 102 1263 ’
179 1241 308 1299 “sulum
322 1241 517 1317 sponsionem,
540 1259 596 1299 nec
616 1259 669 1300 nos
683 1240 771 1298 fidem
784 1240 881 1317 populi
895 1241 1024 1298 Romani
1039 1257 1159 1298 accuse-
1256 1301 1257 1308 χ

179 1329 199 1386 ‘.‘
211 1339 287 1379 mus.
306 1356 308 1360 ·
328 1321 525 1396 Nunquamne
549 1339 639 1378 causa
658 1320 755 1388 defiet,
777 1339 829 1378 cur
843 1321 911 1378 victi
931 1330 1016 1397 pacto
1029 1339 1089 1378 non
1103 1328 1160 1378 ste-

177 1403 198 1432 “
210 1401 276 1458 tist
329 1399 456 1458 Obsides
479 1400 613 1458 Porsenae
635 1400 772 1469 dedistis3
793 1399 869 1458 furto
892 1419 941 1458 eos
965 1399 1158 1458 subduxistis:

147 1510 150 1516 ·
178 1488 199 1516 “
211 1498 286 1538 auro
299 1479 445 1537 civitatem
459 1497 476 1536 a
489 1479 580 1536 Gallis
593 1478 775 1548 redemistis3
796 1479 870 1537 inter
891 1479 1095 1556 accipiendum
1109 1497 1159 1550 au·

139 1561 277 1618 15“rum
298 1558 367 1616 caesi
388 1568 474 1616 sunt:
495 1575 598 1634 pacem
621 1557 774 1615 nobiscum
797 1558 955 1648 &igis-gs,
977 1559 1009 1615 ut
1028 1559 1159 1634 legiones

180 1646 200 1674 ‘⁶
213 1638 298 1696 robis
322 1647 420 1713 captas
444 1637 680 1707 restitueremus3
701 1655 765 1693 eam
789 1648 892 1712 paoem
913 1637 1021 1694 irritam
1046 1637 1140 1694 facitis
1151 1657 1159 1707 3

180 1725 246 1774 “et
262 1735 375 1794 semper
399 1713 524 1792 aliquam
547 1716 641 1774 fraudi
665 1715 792 1792 speciem
810 1715 883 1792 juris
896 1715 1050 1791 imponitis
1092 1715 1162 1774 Non
1256 1733 1257 1736 ’

177 1795 315 1871 “probat
337 1797 460 1873 populus
482 1796 636 1855 Romanus
659 1794 852 1872 ignominiosa
875 1813 947 1871 pace
961 1794 1089 1870 legiones
1103 1813 1161 1853 ser·
1256 1819 1257 1874 p

177 1883 198 1911 “
212 1876 318 1932 vatasl
338 1876 442 1951 paoem
466 1875 527 1933 sibi·
546 1876 661 1943 habeat,
680 1875 808 1952 legiones
822 1885 921 1951 captas
935 1874 1034 1932 victori
1048 1874 1161 1933 restitu·
1256 1875 1257 1898 ²

137 1957 198 2010 ω’(
211 1964 265 2012 at:
294 1955 350 2012 hoc
377 1956 444 2030 fide,
466 1956 522 2014 hoc
543 1955 709 2029 foederibns‚
731 1955 787 2013 hoc
812 1954 963 2023 fecialibus
988 1954 1161 2016 caerimoniis

177 2037 198 2066 “
211 2034 338 2110 dignum
351 2045 422 2092 erat.
462 2034 507 2098 Ut,
525 2044 557 2092 tn
577 2034 704 2109 quidem,
721 2035 798 2110 quod
811 2035 917 2110 petisti,
931 2053 982 2110 per
994 2035 1159 2110 pactionem

176 2113 331 2186 “habeas,
352 2123 394 2172 tot
417 2113 496 2172 cives
517 2113 696 2184 incolumes;
726 2132 781 2190 ego
801 2133 917 2190 pacem,
939 2133 1026 2188 quam
1056 2113 1158 2193 [hosti]

175 2195 197 2224 “
209 2191 268 2260 tibi
281 2192 454 2251 remittendo
468 2203 569 2269 pactus
583 2212 658 2262 sum,
674 2213 732 2270 non
747 2194 869 2251 habeam
882 2213 890 2264 ;
911 2194 968 2252 hoc
981 2203 1023 2267 tu,
1037 2194 1076 2250 A.
1091 2194 1160 2265 Cor·
1196 2200 1212 2292 j

175 2279 195 2308 “
208 2272 284 2346 neli,
298 2273 354 2330 hoc
376 2291 436 2340 vos,
462 2272 589 2340 feciales,
608 2273 681 2349 juris
694 2273 830 2350 gentibus
854 2273 972 2331 dicitisl
1013 2273 1078 2349 Ego
1092 2273 1159 2330 verb
1183 2255 1191 2285 ⁴

134 2364 163 2407 9⁵
173 2354 195 2382 “
205 2349 291 2422 istos,
312 2369 382 2424 quos
406 2351 474 2408 dedi
496 2351 646 2424 simulatis,
660 2371 717 2409 nec
730 2353 852 2428 accipio,
867 2371 924 2410 nec
938 2351 1005 2409 dedi
1020 2352 1158 2421 arbitror;

174 2438 273 2492 “nec
293 2447 395 2496 moror,
410 2427 466 2502 qud
488 2429 583 2497 mimis
606 2429 637 2486 in
661 2429 807 2487 civitatem
827 2430 984 2506 obligatam
1005 2431 1158 2506 sponsione

175 2516 197 2544 ‘⁶
211 2506 383 2580 commissa,
397 2505 477 2563 iratis
499 2507 633 2564 omnibus
655 2506 730 2574 Diis,
753 2526 876 2582 quorum¹
898 2509 1023 2565 eluditur
1039 2528 1158 2578 numen,

174 2595 197 2624 “
210 2585 346 2644 redeant.
400 2584 500 2642 Gerite
527 2584 645 2652 bellum,
669 2586 796 2659 quando‘
812 2585 861 2660 Sp.
883 2585 1048 2642 Postumius
1074 2587 1160 2645 modo

173 2665 342 2742 “dagarum
358 2662 490 2721 fecialem
511 2681 589 2740 genu
602 2663 734 2739 perculit.
775 2663 821 2722 Ita
835 2663 885 2741 Dii
900 2664 1029 2737 credent,
1045 2665 1159 2726 Samni·

134 2762 162 2804 ao
172 2749 195 2778 ‘¹
206 2755 272 2802 tem
297 2743 391 2801 civem
415 2743 605 2814 Postumium,
627 2761 686 2802 non
710 2742 805 2800 civem
818 2743 997 2812 Romanum,
1011 2763 1084 2814 esse,
1099 2755 1160 2806 eta

165 2834 195 2872 -“
210 2823 346 2882 Samnite
359 2822 486 2898 legatum
500 2822 669 2879 Romanum
686 2820 841 2879 violatum:
863 2820 899 2880 ed
913 2823 993 2880 robis
1003 2823 1112 2899 justum
1125 2827 1157 2887 in

174 2913 196 2942 “
207 2921 266 2961 nos
290 2902 399 2960 factum
420 2919 482 2958 esse
507 2900 624 2958 bellurn.
666 2899 742 2957 Haec
765 2899 890 2959 ludibria
912 2903 1084 2980 religionum
1098 2927 1156 2967 non

173 2981 324 3058 “pudere
345 2981 376 3038 in
397 2979 493 3037 lucem
513 2978 659 3056 proferret
681 2987 710 3037 et
733 2979 779 3036 vix
792 2980 889 3056 pueris
902 2981 1008 3058 dignas
1019 2986 1156 3064 ambages

173 3057 300 3118 “senes
320 3078 355 3118 ac
379 3059 544 3117 consulares
566 3057 698 3116 fallenda
722 3055 790 3117 fidei
810 3059 981 3136 exquireret
1022 3063 1048 3138 I,
1061 3065 1155 3142 lictor,

132 3145 196 3202 ss“
209 3140 298 3198 deme
321 3138 418 3197 vincla
438 3137 598 3197 Romanis:
627 3138 819 3197 moratus·sit
842 3159 937 3210 nemo,
962 3141 1019 3217 qud
1050 3146 1154 3220 mimis,

172 3229 195 3259 ‘⁸
211 3218 265 3277 ubi
279 3218 372 3276 visum
384 3217 480 3296 fuerit,
492 3217 627 3276 abeant”
649 3285 652 3292 Ι
668 3217 705 3276 Et
719 3217 759 3276 illi
772 3218 898 3294 quidem,
910 3219 1027 3280 forsitan
1041 3234 1071 3284 et
1083 3225 1155 3301 pub·

138 3331 142 3340 ·
169 3297 249 3370 lica,
273 3298 326 3356 sub
349 3295 428 3355 certe
449 3296 570 3356 liberata
593 3295 662 3370 fide,
680 3296 717 3355 ab
740 3296 854 3357 Caudio
867 3298 898 3358 in
912 3299 1154 3362 castraRomana

169 3375 311 3437 inviolati
325 3374 480 3434 redierunt.

92 3613 95 3618 Ι
204 3533 297 3595 XVI.
333 3533 535 3616 ...[.Ῑ,
549 3535 695 3616 Papirius
711 3537 840 3622 Oursor]
856 3540 910 3600 fuit
922 3542 964 3600 vir
977 3539 1055 3598 haud
1066 3539 1153 3612 dubie

132 3617 290 3692 mdignus
310 3615 390 3674 omni
411 3615 516 3676 bellica
539 3617 635 3693 laude,
661 3639 720 3680 non
742 3620 831 3679 animi
854 3619 945 3678 solnm
967 3617 1073 3692 vigore,
1101 3619 1152 3684 sed
1245 3626 1253 3642 ⁸

169 3695 270 3764 etiam
284 3693 411 3771 corporis
434 3695 540 3755 viribus
552 3698 706 3757 excellens.
747 3698 898 3773 Precipu'a
910 3694 1016 3772 pedum
1029 3697 1155 3770 pernici·

170 3772 419 3850 resinamque
440 3793 602 3854 cognomen
623 3778 712 3836 etiarn
732 3776 832 3844 dedit3
853 3774 1046 3847 victoremque
1068 3795 1154 3838 cursu

496 3855 599 3921 '14
