2556 4314
527 280 531 286 ῃ
577 321 683 371 LIBER
697 321 730 371 V.
743 333 806 371 cnr.
822 335 904 372 xn111.
1150 316 1209 376 123

234 462 310 520 bulis
334 463 470 522 sedentes
491 463 576 532 viros,
603 474 705 540 praeter
728 475 860 522 ornatum
882 463 1066 538 habitumque
1079 462 1208 521 humano

234 539 442 618 augustiorem,
464 543 615 621 majestate
639 544 737 612 etiem,
752 563 838 618 quam
851 543 946 600 vultus
959 543 1136 620 gravitasque
1150 540 1209 600 oris

210 659 212 672 ι
234 640 294 697 prae
308 641 340 680 se
365 622 483 691 ferebat,
508 622 668 680 simillimos
690 623 764 680 Diis.
806 622 855 680 Ad
875 641 935 691 eos,
949 622 1027 679 velut
1047 621 1209 693 simulacra,

236 701 310 760 versi
324 720 411 776 quum
436 712 555 770 starent,
569 702 612 759 Μ.
627 703 768 778 Papirius,
789 721 865 762 unus
877 721 915 760 ex
930 701 984 774 his,
998 701 1104 758 dicitur
1117 701 1210 772 Gallo,

214 779 357 838 ⁵barbam
370 801 450 839 suam
466 780 512 858 (ut
535 792 597 840 tum
620 783 754 839 omnibus
767 783 908 857 promissa
920 783 995 860 eruat)
1010 779 1210 856 permulcenti,

237 859 366 936 scipione
379 861 507 919 eburneo
530 861 562 918 in
583 871 671 937 caput
694 861 812 919 incusso
825 861 898 919 iram
912 860 1054 928 movisse3
1077 869 1161 935 atque
1175 858 1211 915 ab
1254 927 1255 930 Ἰ

234 957 271 997 eo
284 939 397 997 initium
412 940 499 997 caedis
517 951 635 1010 ortum;
657 951 776 998 caeteros
790 940 821 996 in
840 940 958 998 sedibus
971 939 1032 997 suis
1045 939 1210 996 trucidatos.

234 1016 303 1076 Post
316 1017 479 1094 principum
501 1020 621 1091 caedem,
636 1019 707 1076 nulli
721 1019 830 1078 deinde
842 1019 1006 1086 mortalium
1018 1018 1113 1094 parci,
1127 1015 1213 1092 diripi

232 1106 318 1163 tecta,
333 1097 483 1155 exhaustis
495 1098 578 1176 injici
592 1098 683 1176 ignes.

195 1271 223 1310 ro
272 1253 371 1313 XLII.
394 1255 547 1328 Caeterdm,
570 1274 621 1340 seu
643 1276 703 1316 non
726 1257 861 1316 omuibus
875 1257 1006 1315 delenda
1027 1256 1108 1314 urbis
1121 1256 1212 1314 libido

182 1401 183 1404 Ἴ
233 1345 305 1401 erat,
325 1353 376 1392 seu
403 1336 444 1393 ita
463 1337 614 1412 placuerat
636 1337 816 1413 principibus
839 1338 998 1404 Gallorum,
1020 1347 1050 1394 et
1073 1336 1213 1394 ostentari

234 1416 367 1488 quaedam
381 1414 520 1472 incendia
542 1416 659 1474 terroris
681 1419 778 1484 causi,
794 1416 817 1473 si
833 1417 968 1492 compelli
982 1416 1019 1473 ad
1032 1415 1212 1475 deditionem

235 1492 356 1551 caritate
371 1493 484 1551 sedium
498 1513 616 1552 suarum
629 1495 738 1553 obsessi
758 1507 876 1571 possent
888 1515 894 1565 ;
916 1506 946 1553 et
959 1515 1018 1553 non
1032 1496 1129 1554 omma
1143 1513 1212 1553 con·

236 1572 360 1633 cremari
373 1583 459 1644 tecta,
475 1583 517 1640 ut,
540 1574 743 1649 quodcumque
768 1585 930 1649 superesset
951 1575 1040 1642 urbis,
1062 1575 1091 1631 id
1105 1575 1212 1651 pignus

203 1667 229 1707 15
238 1649 279 1708 ad·
289 1649 449 1709 flectendos
470 1651 595 1710 hostiurn
619 1653 730 1710 animos
743 1654 904 1722 haberent3
925 1655 1106 1728 nequiquam
1119 1653 1213 1728 perin-

171 1735 173 1744 ‘
236 1730 274 1786 de
288 1741 373 1805 atque
388 1731 427 1788 inx
440 1733 524 1807 capti
538 1735 609 1790 urbe
630 1732 721 1808 prima
735 1732 782 1790 die
807 1741 857 1790 aut
869 1731 976 1808 passim
991 1741 1040 1789 aut
1053 1731 1110 1788 late
1128 1749 1213 1808 vaga-

235 1818 282 1866 tus
296 1820 341 1866 est
354 1809 440 1886 ignis.
482 1811 622 1884 Romani,
636 1831 673 1869 ex
687 1830 753 1869 arce
767 1811 882 1888 plenam
897 1811 1023 1869 hostium
1037 1811 1139 1868 urbem
1153 1829 1214 1870 cer·

234 1898 349 1962 nentes,
376 1907 521 1964 vagosque
545 1909 597 1966 per
617 1891 678 1948 vias
698 1909 801 1949 omnes
822 1909 934 1964 cursus,
948 1909 1036 1966 quum
1058 1890 1114 1947 alia
1128 1900 1213 1966 atque

237 1967 294 2024 alis
306 1978 387 2043 parte
412 1987 487 2027 nova
510 1969 605 2044 aliqua
629 1970 727 2027 clades
741 1970 873 2038 oriretur,
888 1988 947 2028 non
962 1970 1108 2028 mentibus
1121 1967 1214 2028 solum

199 2063 227 2104 eo
238 2047 397 2132 consipere,
412 2048 463 2105 sed
478 2067 515 2105 ne
527 2048 644 2107 auribus
657 2049 775 2125 quidem
791 2060 875 2124 atque
889 2048 982 2107 oculis
996 2049 1065 2107 satis
1078 2058 1212 2107 condere

220 2129 224 2134 '
236 2121 376 2201 pd‘t'efa'rit.
418 2126 613 2202 Qudcumque
637 2127 747 2187 clamor
771 2129 907 2196 hostium,
932 2128 1086 2186 mulierum
1109 2145 1213 2204 puero-

236 2223 356 2280 rumque
369 2205 506 2281 ploratus,
519 2207 629 2264 sonitus
643 2206 776 2275 flammae‚
801 2218 831 2264 et
844 2208 938 2282 fragor
958 2207 1105 2264 ruentium
1123 2215 1214 2264 tecto·

235 2302 300 2341 rum
314 2284 471 2352 avertisset,
485 2295 622 2361 paventes
646 2287 682 2343 ad
702 2285 811 2360 omnia,
825 2286 937 2344 animos
949 2305 1056 2360 oraque
1071 2295 1099 2344 et
1112 2285 1213 2343 oculos

236 2361 493 2431 flectebant‚,velut
517 2363 553 2421 ad
568 2366 766 2440 spectaculum
780 2383 798 2422 a
810 2363 941 2422 Fortuna
952 2364 1038 2440 positi
1052 2363 1214 2422 occidentis
1252 2359 1255 2368 “

199 2461 226 2502 as
235 2442 344 2518 patriae,
359 2461 416 2500 nec
439 2443 525 2500 ullius
548 2462 644 2500 rerum
666 2461 783 2500 suarum
796 2443 900 2515 relicti,
913 2453 1103 2517 praeterquam
1117 2459 1215 2516 corpo·

157 2532 168 2539 ²
236 2540 311 2596 rum,
332 2522 480 2591 vindices3
509 2519 589 2579 tantd
612 2531 679 2597 ante
703 2521 774 2579 alios
796 2521 952 2578 miserandi
974 2520 1077 2594 magis,
1099 2519 1147 2594 qui
1162 2538 1214 2576 un-

236 2618 322 2676 quam
346 2601 457 2659 obsessi
482 2611 560 2672 sum,
583 2599 660 2675 qubd
682 2599 832 2658 interclusi
853 2616 870 2655 a
892 2599 985 2674 patria
998 2597 1214 2670 obsidebantur,

237 2679 335 2737 omnia
348 2699 401 2737 sua
415 2678 613 2748 cernentesin
628 2679 753 2736 hostium
766 2687 916 2754 potestate.
957 2676 1024 2734 Nec
1038 2675 1215 2751 tranquillior

239 2777 296 2828 nox
310 2759 387 2816 diem
401 2770 460 2816 tam
475 2757 552 2815 foede
574 2767 671 2816 actum
696 2757 828 2833 excepit:
850 2756 900 2813 lux
921 2755 1028 2815 demde
1042 2765 1159 2814 noctem
1173 2756 1215 2814 in-

200 2837 364 2913 coquietam
378 2838 511 2896 insecuta
530 2848 590 2894 est:
612 2845 673 2895 nec'
689 2837 780 2894 ullum
794 2845 857 2894 erat
875 2845 998 2912 tempus,
1031 2835 1088 2896 uod
1102 2855 1119 2893 a
1133 2853 1215 2894 uovae

239 2935 353 2991 semper
366 2915 457 2974 cladis
481 2917 603 2994 alicujus
627 2916 793 2992 spectaculo
814 2925 950 2974 cessaret.
1031 2915 1081 2973 ihil
1105 2926 1214 2990 tamen,

240 3005 282 3052 tot
295 2995 405 3053 onerati
419 3006 503 3071 atque
527 2996 622 3054 obruti
646 2996 740 3064 malis,
765 2993 908 3053 fleuerunt
931 2993 1052 3068 animoS,
1066 2995 1147 3070 quin,
1161 2993 1216 3052 etsi

216 3074 337 3148 'omnia
348 3075 470 3133 flammis
495 3095 529 3134 nc
543 3076 634 3134 ruinis
659 3087 769 3152 aequata
789 3075 938 3142 vidissent,
957 3075 1087 3149 quamvis
1101 3075 1217 3151 inopem

239 3172 428 3230 parvumque,
446 3175 533 3230 quem
555 3155 706 3228 tenebant,
730 3155 843 3222 collem,
867 3155 992 3212 libertati
1005 3154 1149 3228 relictum,
1164 3154 1217 3211 vir·

203 3243 299 3296 astute
313 3234 524 3304 defendereut3
545 3245 575 3293 et
592 3235 662 3310 jam,
677 3252 764 3310 quum
779 3236 881 3292 eadem
895 3230 1023 3308 quotidie
1038 3235 1216 3303 acciderent,

239 3313 317 3370 velut
331 3313 437 3370 assueti
459 3313 552 3386 malis,
567 3314 800 3371 abalienaverant
819 3314 856 3370 ab
880 3332 967 3371 sensu
991 3333 1087 3373 rerum
1101 3327 1218 3370 suarum

240 3391 372 3460 an'imos3
395 3409 474 3448 arma
494 3391 604 3450 tantdm
629 3393 791 3469 ferrumque
816 3393 846 3451 iu
861 3393 979 3468 dextris,
997 3393 1076 3450 velut
1088 3391 1162 3449 solas
1176 3405 1219 3444 re·

240 3469 349 3543 liquias
358 3469 419 3546 spei
431 3489 503 3538 suae,
517 3471 671 3530 intuentes.

187 3632 191 3643 ’
281 3625 398 3685 XLIII.
420 3627 496 3685 Galli
516 3647 638 3706 quoque,
663 3649 713 3706 per
735 3629 850 3704 aliquot
865 3626 928 3684 die's
942 3627 972 3682 in
986 3633 1063 3680 tecta
1077 3619 1162 3678 modo
1176 3639 1222 3677 ur-

203 3727 229 3766 so
241 3705 286 3766 bis
300 3707 495 3782 nequidquam
517 3708 593 3768 bello
617 3720 709 3785 gesto,
723 3727 813 3782 quum
833 3706 908 3762 inter
923 3701 1060 3759 incendia
1072 3719 1108 3757 ac
1122 3699 1221 3758 ruinas

240 3797 332 3865 captae
347 3787 427 3850 urbis
441 3787 514 3849 nihil
528 3807 689 3865 superesse,
703 3795 806 3862 praeter
820 3789 944 3839 armatos
958 3780 1065 3853 hostes,
1079 3780 1218 3850 viderem,
