2556 4314
101 378 160 438 182
506 375 576 425 τιτι
592 373 680 424 nrrn

138 519 304 580 XXXVII.
325 519 472 586 Tandem,
483 518 677 594 nequidquam
695 517 834 595 jumentis
855 528 941 594 atque
955 520 1078 582 homini·

99 601 152 660 bus
168 601 300 676 fatigatis,
323 611 417 658 castra
439 599 469 656 in
487 599 559 675 jugo
581 599 684 674 posita,
707 598 855 674 aegerrimd
878 600 914 656 ad
937 599 1076 677 idipsum

97 681 164 740 loco
173 691 313 756 purgato:
328 691 439 755 tantum
455 679 528 736 nivis
543 678 709 736 fodiendum
721 690 806 754 atquc
819 679 1000 755 egerendum
1014 681 1077 740 fuit.

98 759 173 818 Inde
188 761 224 817 ad
248 779 349 836 rupem
374 759 572 830 muniendam,
586 777 637 833 per
661 776 747 833 quam
762 777 850 831 unam
864 759 911 814 ria
924 778 989 816 esse
1000 771 1079 836 pote-

97 849 152 906 rat,
167 839 273 897 milites
297 840 388 912 ducti,
411 857 501 914 quum
525 838 697 895 credendum
711 849 787 895 esset
800 857 913 910 saxum,
927 839 1078 899 arboribus
1098 864 1113 904 s

97 919 177 977 circd
191 919 366 976 immanibus
390 918 511 994 dejectis
532 917 777 991 detruncatisque,
802 921 912 974 struem
927 918 1077 994 ingentem
1096 917 1100 923 '

96 998 242 1075 lignorum
258 999 387 1068 iaciunt3
408 1015 529 1071 eamque
545 995 647 1072 (quum
661 1006 691 1053 et
712 996 755 1052 vis
768 996 846 1053 renti
860 1007 926 1072 apta
941 998 1077 1059 faciendo

96 1077 158 1154 igni
173 1088 271 1136 coorta
284 1078 374 1155 esset)
389 1077 581 1146 succendunt,
597 1075 785 1149 ardentiaque
799 1091 869 1133 saxa
884 1076 978 1134 infuso
991 1088 1074 1136 aceto

95 1156 299 1236 putrefaciunt
320 1161 323 1166 '
341 1155 387 1213 Ita
410 1155 545 1214 torridam
570 1155 708 1212 incendio
729 1174 830 1230 rupem
845 1156 918 1214 ferro
931 1156 1070 1230 pandunt,

23 1273 24 1280 κ
95 1236 283 1310 molliuntque
305 1235 482 1293 anfractibus
506 1235 628 1292 modicia
650 1234 749 1307 cliros,
763 1246 795 1292 ut
809 1253 870 1293 non
886 1235 1015 1310 jumenta
1027 1247 1109 1301 rso-10

95 1315 165 1382 lum,
180 1316 230 1372 sed
245 1310 392 1391 elephitnti
407 1313 504 1386 etiam,
519 1313 625 1370 deduci
638 1324 764 1389 possent.
805 1307 1003 1376 Quauiduuln
1017 1316 1073 1372 cir·

95 1413 134 1453 ca
144 1413 245 1470 rupem
259 1405 471 1470 consumptum,
481 1394 620 1470 jumentis
633 1393 720 1468 prope
735 1393 811 1450 fame
826 1395 1001 1468 absumptis:
1021 1413 1075 1452 nu·

94 1474 133 1530 da
145 1474 223 1530 enim
238 1473 297 1531 serr}
312 1474 465 1531 cacumina
479 1483 565 1542 sunt3
587 1483 625 1540 et,
641 1472 748 1547 siquid
762 1483 806 1530 est
824 1473 933 1549 pabuli,
948 1473 1076 1531 obruunt

94 1552 185 1610 nives.
226 1553 367 1611 Inferiore
389 1553 477 1610 valles
500 1563 530 1610 et
551 1553 663 1628 apricos
685 1553 826 1626 quosdam·
845 1553 935 1610 colles
956 1553 1072 1626 habent,

95 1631 226 1708 rivosque
241 1652 328 1710 prope
350 1632 448 1705 silvas,
472 1643 502 1690 et
519 1633 579 1709 jam
603 1633 730 1689 humano
754 1633 836 1690 cultu
854 1633 986 1708 digniora
999 1632 1072 1690 loca.
1083 1656 1110 1695 15

94 1709 290 1787 Ibljurnenta
315 1713 345 1769 in
368 1711 505 1787 pabulum
531 1711 628 1780 missa,
651 1722 681 1769 et
703 1710 786 1785 quies
808 1712 968 1769 muniendo
991 1711 1073 1769 fessis

94 1790 260 1848 bominibus
274 1792 341 1848 duta
355 1791 468 1848 triduo:
491 1791 558 1847 inde
574 1791 610 1847 ad
635 1791 754 1865 planum
768 1792 952 1864 descensum,
964 1802 993 1849 et
1009 1792 1071 1868 jam

93 1868 166 1930 locis
180 1870 356 1928 mollioribus
370 1881 400 1928 et
414 1870 578 1928 accolarum
593 1870 729 1946 ingeniis.

133 2027 314 2087 XXXVIII.
336 2027 403 2085 Hoc
417 2026 541 2084 maxims
555 2027 641 2083 modo
654 2027 684 2084 in
699 2025 813 2102 Italiam
833 2038 1002 2102 perventum
1016 2037 1069 2096 est,
1128 2099 1130 2102 Ι

93 2109 194 2186 quinto
208 2122 307 2163 mense
322 2126 339 2162 a
353 2106 529 2181 Carthagine
541 2106 627 2163 Nova
643 2101 689 2181 (ut
701 2106 818 2182 quidam
832 2119 964 2164 auctores
979 2108 1069 2187 sunt),
1081 2127 1109 2166 ea

93 2189 193 2264 quinto
207 2187 321 2244 decimo
334 2186 381 2242 die
397 2185 520 2260 Alpibus
541 2187 691 2261 superatis.
731 2186 860 2247 Quanta
875 2188 966 2261 copiae
982 2198 1072 2244 trans·

93 2286 192 2345 gresso
206 2267 236 2324 in
251 2263 365 2323 Italiam
379 2263 538 2321 Hannibali
553 2265 670 2333 suerint,
692 2268 869 2341 nequaqnam
884 2265 958 2322 inter
972 2277 1071 2323 aucto·
1131 2301 1134 2313 ·

93 2366 139 2408 res
153 2355 284 2403 constat:
306 2345 354 2419 qui
378 2343 543 2419 plurimum,
567 2356 685 2402 centum
710 2344 800 2401 millia
812 2344 952 2419 peditum,
966 2345 1070 2420 viginti

93 2426 223 2501 equiturn
248 2424 335 2481 luisse
360 2425 506 2493 scribunt;
528 2424 576 2498 qui
591 2424 870 2499 minimum,.riginti
889 2425 979 2481 millia
993 2425 1072 2500 pedi·

94 2516 167 2570 tum,
190 2524 241 2562 sex
262 2504 404 2579 equitnm·
441 2502 475 2560 L.
498 2503 620 2560 Cincius
642 2503 819 2570 Alimentus,
841 2504 889 2578 qui
908 2514 1025 2579 captum
1040 2522 1108 2562 sees

94 2586 132 2644 ab
147 2585 312 2643 Hannibale
335 2582 448 2650 scribit,
459 2583 583 2639 maxime
602 2593 701 2640 auctor
722 2601 769 2639 mc
784 2596 920 2651 moveret,
935 2583 991 2640 nisi
1005 2602 1073 2641 con-

94 2664 229 2723 funderet
251 2682 413 2734 nnmerum,
437 2663 528 2719 Gallis
547 2662 759 2737 LIguribusqne
783 2662 909 2720 additis:
938 2662 1072 2720 cumbis

94 2745 242 2820 octoginta
255 2743 344 2800 millia
357 2742 496 2818 pediturn,
508 2743 610 2798 decem
622 2741 760 2816 equitum,
772 2741 898 2798 adducta
913 2742 943 2798 in
958 2742 1071 2799 Italiam
1134 2762 1139 2768 ·

97 2821 205 2900 (magis
218 2821 360 2878 affluxisse
371 2821 525 2879 verisimile
540 2831 591 2890 est,
601 2829 631 2876 et
645 2821 684 2876 ita
697 2819 814 2893 quidam
826 2831 958 2878 auctores
971 2821 1051 2900 sunt)
1063 2839 1070 2877 :

56 2913 61 2924 ’
95 2920 132 2960 ex
157 2900 219 2973 ipsc
241 2911 338 2955 antem
362 2900 476 2956 audisse
508 2897 684 2966 Hannibale,
716 2908 876 2974 postquam.
894 2897 1068 2957 Rhodanum
1081 2919 1109 2958 ao

96 2977 250 3044 transierit,
266 2978 383 3053 triginta
404 2998 454 3036 sex
468 2979 558 3038 millia
577 2978 736 3045 hominum,
751 2977 957 3053 ingentemque
971 2997 1072 3037 nume·

95 3077 160 3117 rum
174 3075 311 3129 equorum
326 3067 355 3112 et
379 3056 498 3114 aliorum
510 3059 715 3132 jurarentorum,
730 3057 860 3115 amisisse
875 3059 906 3114 in
921 3058 1071 3126 Taurinis,

95 3156 158 3213 quae
172 3135 264 3191 Gallis
277 3135 406 3211 proxima
416 3155 487 3212 gens
501 3148 570 3206 erat,
584 3138 613 3195 in
626 3137 738 3194 Italiam
751 3137 894 3212 degresso.
935 3136 971 3193 Id
982 3157 1072 3211 quum

96 3216 171 3274 inter
184 3233 285 3271 omnes
298 3225 420 3280 constet,
445 3213 480 3271 ed
495 3218 587 3291 magis
602 3217 687 3274 miror
702 3217 820 3291 unbigi,
841 3216 965 3290 quanam
979 3217 1073 3290 Alpes

96 3293 258 3362 transierit3
280 3304 309 3350 et
334 3292 417 3369 vulgo
439 3295 567 3367 credere,
592 3295 704 3353 PenIno
727 3294 825 3370 (atque
840 3295 906 3352 inde
920 3313 1028 3352 nornen
1043 3305 1110 3354 atas

94 3375 165 3453 jugo
179 3373 299 3447 Alpium
313 3372 450 3451 inditum)
473 3385 701 3449 transgressum:
723 3375 834 3432 Coelins
855 3394 905 3451 per
919 3374 1073 3433 Cremonis

95 3455 197 3533 jugum
213 3453 284 3510 dicit
303 3454 458 3509 transisse:
480 3453 528 3527 qui
545 3454 629 3511 ambo
654 3455 743 3512 saltus
766 3474 833 3512 eum
848 3457 913 3514 non'
922 3455 952 3511 in
967 3454 1073 3513 Tauri-

96 3553 159 3602 nos,
174 3534 224 3591 sed
239 3551 290 3608 per
314 3532 443 3590 Salassos
466 3543 618 3590 montanos
632 3534 668 3590 ad
690 3534 799 3592 Libuos
813 3534 922 3601 Gallos,
938 3533 1074 3592 deduxis-

97 3626 170 3672 sent.
212 3613 278 3670 Nec
293 3611 445 3669 verisimile
459 3623 512 3680 est,
527 3631 562 3670 ea
576 3623 638 3670 turn
652 3614 688 3671 ad
709 3614 834 3672 Galliam
847 3614 975 3690 patuisse
991 3615 1074 3672 itine-

97 3710 146 3760 τις
168 3691 277 3766 utique,
292 3711 354 3766 quae
368 3692 405 3747 ad
419 3691 561 3750 Peninum
575 3693 688 3769 lerunt,
705 3694 825 3770 obsepta
838 3695 975 3770 gentibus
988 3693 1073 3752 serni-
1082 3710 1110 3750 tc

98 3771 244 3842 mamonis
257 3770 397 3827 fuissem:
418 3789 522 3845 neque,
547 3771 687 3838 Hercule,
711 3774 858 3830 montibus
873 3775 919 3832 bis
934 3765 1072 3851 (siquem

98 3845 169 3905 forte
183 3847 213 3902 id
235 3851 344 3928 moret)
370 3847 408 3907 ab
419 3851 542 3909 transitu
565 3851 721 3910 Poenorum
742 3851 801 3910 ullo
814 3852 949 3931 Veragri,
968 3851 1072 3912 iuoolae
