2520 4310
379 697 495 763 LIBRI
514 699 841 766 QUADRAGESIMI

443 903 517 956 CAP.
538 903 666 955 v-xvt.
681 901 780 954 XXIV.

334 1348 343 1358 .
378 1327 508 1364 imon
525 1325 607 1362 lami
624 1325 854 1369 evanuerant.

146 1459 334 1520 Onustl‘lrilippas
342 1459 415 1520 liberos
423 1469 501 1509 sorum,
509 1471 559 1510 quos
563 1457 675 1518 occiderat,
683 1457 775 1518 conquiri
783 1459 863 1518 obsides
873 1457 974 1519 J‘utsissct,
983 1459 1102 1520 Theoxena,

123 1509 884 1618 illimatumistitutlld‘tlasstldldmt
898 1511 1103 1619 dliiiffld

123 1615 205 1661 natanta
219 1609 272 1660 quad
292 1621 355 1660 quum
375 1613 515 1658 pennarum,
537 1619 582 1657 ipsa
597 1619 619 1648 se
632 1619 679 1648 cum
699 1619 743 1646 viro
762 1619 774 1646 e
794 1619 844 1647 narr
865 1615 1101 1658 inmarepreorprtavrt.

125 1673 152 1707 v.
164 1661 259 1718 suite.
277 1659 415 1708 Certamina
430 1658 493 1706 inter
513 1657 617 1718 Philippi
629 1655 782 1706 Macedonia
799 1659 863 1720 regis
873 1660 960 1706 liberos
972 1660 1063 1708 Persen
1075 1667 1102 1708 et

123 1721 277 1771 Demetrium
285 1723 431 1771 reseruntur:
443 1735 507 1768 vrrr.
519 1718 586 1768 istut
596 1719 678 1768 fraude
686 1719 762 1768 fratris
773 1722 820 1778 sui,
828 1721 976 1779 Demetrius,
988 1721 1101 1772 confictis

126 1786 266 1834 criminibus
279 1786 355 1846 (inter
366 1800 428 1846 quse,
440 1784 596 1832 accusatione
612 1783 729 1845 parricidii
746 1790 772 1831 et
788 1784 893 1832 affectati
904 1787 983 1848 regni)
995 1781 1102 1846 primirm

123 1849 223 1912 petitus,
254 1862 331 1896 xxiv.
348 1847 517 1904 nutritorum,
535 1847 648 1908 quonism
665 1847 748 1908 populi
758 1846 864 1912 Romani
883 1848 973 1895 amicus
985 1853 1043 1904 erut,
1054 1862 1100 1896 ve·

121 1925 187 1960 netto
213 1921 314 1960 necatus
335 1917 390 1960 esi:
427 1935 550 1983 regnumque
564 1923 689 1964 Macedonia
701 1929 781 1964 mortuo
791 1924 1000 1974 Philippoadl‘arsan
1009 1925 1101 1965 devenit.

122 1974 220 2015 tunm
241 1973 269 2014 in.
279 1973 389 2025 Liguribus
408 1980 430 2013 st
450 1985 471 2013 in
491 1973 592 2022 llispanit
611 1979 683 2013 contra
694 1973 807 2013 Celtiberos
827 1985 841 2013 a
861 1975 998 2024 compluribus
1013 1974 1103 2014 feliciter

122 2028 192 2074 pastas
209 2023 307 2062 eontinet.
332 2023 391 2062 Libri
411 2023 484 2062 Nurnre
501 2022 595 2073 Pompilii
611 2023 632 2062 in
649 2034 699 2074 agro
720 2023 746 2062 L.
768 2023 837 2063 Petilii
858 2024 928 2063 scribta
948 2025 985 2064 sub
1006 2023 1102 2064 Jnnicnlo

123 2083 138 2112 a
157 2071 269 2112 cultoribus
290 2072 343 2122 agri,
360 2072 381 2110 in
402 2073 451 2112 arod
471 2072 551 2121 lapidea
570 2072 636 2112 clausi
664 2078 686 2112 et
707 2072 773 2112 Greci
793 2079 814 2112 et
836 2072 915 2122 Latini,
937 2073 1015 2114 inventi
1036 2080 1101 2124 sunta

50 2133 57 2144 ·
122 2121 144 2161 ln
152 2120 225 2180 quibua
233 2131 296 2171 quum
303 2120 370 2169 plura.
378 2133 422 2170 ques
430 2121 602 2161 dissolvendarum
614 2101 743 2173 reiigionum‚
756 2127 835 2171 pretor,
852 2123 877 2160 nd
886 2135 951 2173 ,quem
963 2123 1027 2162 delati
1035 2125 1101 2172 erant,

124 2169 214 2222 bgr-ot,
220 2169 298 2220 inavit
306 2169 394 2219 senatui,
403 2175 475 2209 eontra
483 2170 628 2220 rempublicam
640 2183 684 2211 essa
702 2177 725 2210 ut
733 2171 845 2220 legerentur
852 2178 982 2211 servarentur
997 2183 1035 2212 uer
1047 2178 1069 2211 at
1076 2182 1103 2212 ex

122 2219 309 2260 sanatis-consulto
322 2219 343 2257 in
357 2219 446 2258 Comitio
457 2231 498 2259 oxu
509 2219 526 2258 ti
539 2226 594 2260 sunt.
620 2199 709 2260 colonia
722 2219 815 2278 Aquileja
823 2220 910 2276 deducta
919 2226 958 2258 ost.
983 2185 1106 2271 i’mlippm,

122 2267 241 2320 egritudine
248 2268 312 2307 animi
320 2268 433 2318 consectus,
442 2269 493 2318 qudd
528 2269 623 2309 metriurn
631 2270 704 2319 lilium,
713 2269 768 2308 falsrs
777 2269 843 2307 Persei
851 2268 936 2308 alterius
945 2269 984 2307 filii
992 2268 1103 2310 delationi·

122 2317 161 2358 bus
169 2317 276 2367 impulsus,
285 2328 361 2357 veneno
376 2318 499 2368 sustulisset,
507 2324 529 2358 at
545 2319 570 2358 de
590 2321 649 2368 prend
664 2319 731 2359 Persei
744 2317 849 2368 cogitavit,
857 2317 963 2368 voluitque
969 2318 1103 2368 Antigonum

122 2366 550 2418 mtim‚micumauum,summmm
579 2367 750 2418 isuirelinquore.
775 2368 815 2406 Sed
828 2367 849 2406 in
857 2367 897 2406 hac
905 2367 1102 2418 cogitationemorts

122 2422 194 2468 raptos
201 2416 425 2469 atramentarium
432 2417 521 2468 excepit.
557 2417 611 2459 Gar.
625 2429 708 2458 r-arx.
736 2417 906 2470 [mabit-574.
927 2417 1101 2476 melma-1784

54 2693 99 2741 *s
164 2691 202 2751 V.
224 2689 321 2770 Hujus
342 2691 476 2752 atrocitas
499 2691 635 2752 facinoris
656 2680 853 2749 novam'velut
865 2688 1009 2748 flammam
1023 2689 1131 2766 regis?

75 2756 80 2775 ’
124 2770 241 2830 invidie
264 2771 381 2848 adjecit,
397 2781 429 2830 ut
450 2769 537 2848 vulgo
551 2771 644 2846 ipsum
664 2770 826 2846 liberosque
840 2769 902 2846 ejus
915 2787 1100 2826 exsecraren-
1116 2753 1138 2861 Ξ

124 2858 189 2908 tur:
210 2868 274 2925 quta
288 2851 357 2907 dirae
382 2850 472 2924 brevi,
483 2851 532 2908 ob
545 2849 680 2909 omnibus
694 2849 760 2907 Diis
773 2849 925 2916 exaudita,
940 2858 971 2904 ut
984 2846 1100 2904 saeviret
1116 2861 1138 2900 .0

123 2928 185 3006 ipse
199 2928 229 2986 in
243 2946 327 2986 suum
350 2927 531 3006 sanguinem,
556 2929 725 2988 effecerunt.
766 2927 889 2986 Perseus
902 2927 990 3000 enim,
1010 2944 1132 3002 quum?

122 3005 155 3064 in
168 3007 232 3064 dies
245 3007 337 3084 magis
351 3019 484 3066 cerneret
497 3007 623 3066 favorem
642 3007 870 3084 dignitatemque
892 3006 1033 3070 Demetrii
1047 3005 1102 3064 ira·
1117 3012 1133 3057 9

122 3085 175 3144 tris
196 3086 272 3162 apud
293 3085 490 3145 Macedonum
513 3087 727 3144 multitudinem
752 3103 895 3154 crescere,
922 3096 953 3143 et
979 3077 1139 3164 gratiam?

123 3165 200 3244 apud
213 3165 373 3234 Romanos,
396 3166 453 3224 sibi
477 3179 557 3242 spem
581 3165 689 3224 nullam
712 3166 795 3242 regni
819 3182 977 3240 superesse,
999 3164 1056 3223 nisi
1070 3163 1139 3222 in*

123 3245 244 3315 scelere,
272 3255 361 3317 ratus,
385 3244 422 3302 ad
448 3244 478 3302 id
496 3263 587 3303 unum
621 3264 723 3303 omnes
750 3243 939 3322 cogitationes
967 3241 1101 3301 intendit.

122 3324 279 3398 Ceterum,
292 3343 381 3400 quum
395 3343 426 3382 se
440 3342 478 3382 ne
491 3323 529 3381 ad
540 3324 569 3384 id
582 3324 710 3401 quidem,
720 3325 796 3399 quod
808 3322 941 3381 muliebri
955 3322 1102 3399 cogitabat

123 3405 231 3480 animo,
261 3403 330 3462 satis
352 3422 403 3479 per
427 3422 458 3462 se
482 3403 609 3477 validum
629 3404 770 3476 crederet,
784 3403 915 3480 singulos
941 3403 1139 3460 amicorum1⁰
1231 3397 1234 3404 ’

122 3484 212 3564 patris
231 3493 342 3543 tentare
363 3482 543 3542 sermonibus
566 3482 710 3559 perplexis
728 3482 839 3540 institit.
882 3481 921 3540 Et
934 3477 1025 3557 primo
1037 3479 1103 3555 qni·

121 3565 191 3623 dam
203 3582 241 3622 ex
264 3562 310 3622 bis
331 3561 566 3639 adspernantium
588 3563 646 3621 talc
659 3561 815 3653 quidquam
829 3561 958 3638 speciem
971 3559 1102 3636 prebue-

122 3641 281 3717 suntquis
303 3641 368 3716 plus
389 3643 419 3700 in
443 3640 593 3699 Demetrio
615 3659 677 3718 sper
700 3640 868 3716 ponebant:
888 3638 1006 3707 deinde,
1025 3655 1103 3697 eres-
1127 3651 1130 3655 ’

121 3728 208 3779 cente
221 3719 251 3776 in
265 3718 328 3777 dies
351 3719 476 3795 Philippi
499 3718 566 3776 odio
586 3719 617 3776 in
631 3718 792 3787 Romanos,
807 3719 856 3777 oui
870 3718 994 3776 Perseus
1008 3716 1104 3788 indul·

118 3804 212 3872 geret,
238 3794 405 3856 Demetrius
430 3797 543 3856 summi
567 3814 622 3876 ope
646 3797 858 3872 adversaretur,
891 3795 1141 3876 prospicientem
