2520 4310
392 302 394 306 Ι
444 359 447 364 ·
493 337 599 388 LIBER
614 333 703 399 XXX..
716 347 779 388 cae.
796 349 861 386 xxx.
1106 337 1165 398 235

196 492 214 520 ‘³
225 480 314 560 prope
329 499 364 540 ac
378 481 521 539 moenibus
543 481 626 558 signa
649 499 783 556 armaque
797 481 923 540 hostium
936 477 1055 548 vidistis,
1069 490 1098 538 et
1110 497 1164 538 nos

184 557 214 594 '“
227 561 263 618 ab
283 561 461 638 Carthagine
485 561 630 618 fremitum
650 555 807 618 castrorum
829 561 1028 617 Romanorum
1048 558 1164 616 exaudi·

196 649 215 676 “
227 659 300 697 mus.
341 639 431 701 Quod
444 639 531 716 igitur
552 659 606 700 nos
618 639 742 697 maxime
766 638 1078 712 abominaremunyos
1098 647 1164 694 ante

195 722 214 750 “
225 718 323 776 omnia
334 718 479 794 optaretis,
495 719 530 777 in·
539 719 656 777 meliore
677 720 768 776 vestrl
790 718 904 776 fortuna
916 717 953 774 de
966 734 1038 793 pace
1052 715 1164 791 agitur:

171 799 214 838 ⁵“
226 798 338 874 agimus
352 797 383 871 ii,
397 801 516 873 quorum
537 807 567 854 et
590 798 717 863 maxime,
737 797 856 854 interest
870 813 972 872 pacem
987 813 1059 867 esse,
1074 804 1104 852 et
1116 793 1165 868 qui

194 877 425 952 “quodcumque
446 877 600 953 egerimus,
625 886 720 936 ratum
744 876 874 939 civitates
894 885 998 934 nostrae
1026 873 1165 932 habiturae
1200 928 1203 935 «

194 963 213 991 “
225 955 291 1013 sint.
332 956 441 1013 Animo
454 957 565 1014 antam
578 954 662 1014 nobis
672 975 746 1031 opus
759 964 875 1013 estnon
890 955 1061 1012 abhorrente
1075 971 1093 1010 a
1105 950 1166 1027 qui·

194 1034 279 1091 “etis
302 1033 438 1091 consiliis.
480 1033 569 1100 Quod
594 1035 630 1091 ad
645 1052 692 1091 me
714 1033 825 1106 attinet,
846 1033 906 1109 jam
931 1042 1000 1090 aetas
1021 1049 1120 1090 senem
1134 1030 1165 1087 in

192 1112 341 1187 “patriam
361 1121 562 1179 revertentem,
586 1111 664 1170 unde
688 1131 759 1187 puer
782 1111 927 1188 profectus
949 1129 1023 1178 sum,
1042 1111 1102 1186 jam
1124 1126 1167 1166 se·

158 1192 211 1233 1⁰“
223 1190 336 1263 eundae,
355 1190 416 1266 jam
440 1191 566 1248 adversae
586 1210 642 1264 res,
664 1191 705 1248 ita
725 1191 902 1258 erudierunt,
917 1199 949 1247 ut
968 1189 1108 1247 rationem
1122 1205 1166 1246 sc·

191 1277 210 1305 “
222 1268 281 1344 qui,
299 1266 385 1343 quim
407 1269 558 1342 fortunam,
581 1271 688 1331 malim
730 1270 827 1330 Tuam
840 1280 871 1328 et
890 1268 1115 1327 adolescentiam
1136 1276 1166 1324 et

191 1351 389 1422 “perpetuam
415 1348 591 1420 felicitatem,
620 1348 759 1408 ferociora
791 1359 920 1424 utraque,
947 1345 1034 1424 qudrn
1061 1346 1165 1421 quietis

192 1431 295 1500 “opus
316 1435 360 1482 est
383 1427 520 1499 consiliio,
544 1437 650 1484 metuo.
691 1427 761 1485 Nou
785 1428 892 1486 temere
913 1427 1025 1485 incerta
1045 1438 1165 1482 casuum

193 1508 444 1586 ‘treputat'quem
457 1503 579 1562 *fortuna
601 1523 749 1580 nunquam
770 1506 893 1581 decepit.
933 1505 1023 1567 Quod
1048 1523 1103 1580 ego
1124 1501 1165 1560 fui

159 1586 209 1626 1⁵“
221 1583 258 1640 ad
279 1583 496 1657 Trasimenum,
519 1584 554 1641 ad
581 1584 710 1657 Cannas
732 1584 762 1643 id
786 1594 817 1646 tu
844 1584 929 1641 hodie
955 1603 995 1641 es.
1036 1583 1165 1641 Vixdum

193 1661 337 1719 “militari
352 1671 434 1720 aetate
458 1663 577 1739 imperio
596 1672 726 1738 accepto,
747 1662 845 1735 omnia
859 1661 1048 1719 audacissime
1062 1660 1164 1735 incipi·

191 1747 210 1776 “
222 1750 319 1798 entem
343 1760 485 1817 nusquam
508 1741 609 1800 fefellit
629 1742 750 1800 fortuna.
792 1741 885 1799 Patris
906 1751 937 1797 et
954 1739 1048 1816 patrui
1071 1757 1165 1814 perse·

177 1820 208 1850 “‘
219 1829 304 1880 cutus
318 1831 449 1888 mortem,
460 1817 501 1878 ¹ab
525 1821 688 1880 calamitate
709 1829 810 1878 vestrae
831 1820 933 1877 dormis
946 1819 1037 1876 decus
1050 1817 1164 1893 insigne

191 1898 333 1956 “virtutis
346 1899 514 1974 pietatisque
535 1899 649 1957 eximiae
663 1900 781 1975 cepisti:
804 1899 923 1959 amissas
944 1897 1102 1973 Hispanias
1122 1913 1165 1952 re·

156 1981 211 2020 Μ
223 1978 377 2054 cupersan,
398 1988 518 2054 quatuor
540 1979 610 2038 inde
631 1979 751 2037 Punicis
771 1977 946 2039 exercitibus
965 1975 1074 2051 pulsis:
1096 1992 1164 2032 cou-

118 2104 120 2107 ,
192 2057 264 2114 “sul
278 2067 401 2126 creatus,
416 2077 504 2132 quum
513 2057 637 2134 'caeteris
648 2058 684 2114 ad
698 2057 848 2116 tutandam
862 2055 975 2115 ltaliam
989 2072 1089 2130 parurn
1104 2052 1164 2110 ani-

191 2135 260 2192 “mi
273 2136 359 2208 esset,
373 2146 567 2213 transgressus
582 2137 611 2194 in
636 2136 777 2212 Africam,
791 2134 904 2209 duobus
924 2132 973 2195 hic
987 2133 1164 2200 exercitibus

191 2221 210 2248 “
222 2214 314 2288 caesis,
339 2215 414 2272 binis
434 2216 537 2273 eadem
551 2216 620 2273 hort
633 2216 726 2292 captis
739 2215 824 2273 simul
848 2213 1033 2288 incensisque
1050 2210 1164 2287 castris,
1254 2283 1255 2286 Ἴ

190 2293 354 2368 “Syphace
375 2295 573 2370 potentissimo
594 2313 663 2371 rege
684 2305 779 2370 capto,
801 2303 843 2352 tot
856 2291 976 2352 urbibus
993 2290 1076 2368 regni
1090 2289 1163 2367 ejus,

153 2375 179 2414 2⁵
191 2377 261 2426 “tot
274 2372 363 2428 nostri
383 2373 495 2447 imperii
510 2373 624 2448 ereptis,
639 2392 686 2430 me
700 2372 961 2436 sextumdecimum
979 2369 1039 2446 jam
1053 2388 1162 2427 annum

191 2455 210 2482 “
222 2447 380 2522 haere‘ntcrn
391 2449 421 2505 in
431 2451 611 2524 possessione
623 2451 714 2507 Italiae
721 2451 881 2526 detraxisti.
896 2449 993 2506 Potest
1003 2449 1160 2519 victoriam,

191 2535 210 2562 “
222 2525 350 2602 inquam,
365 2526 459 2595 malle,
474 2525 561 2602 qudrn
576 2524 688 2602 pacem,
700 2528 822 2585 a'nirnus.
851 2527 928 2584 Novi
942 2527 1057 2601 spiritus
1071 2527 1163 2602 magis
1196 2587 1201 2600 Ι

190 2608 209 2636 “
220 2623 350 2682 magnos,
375 2605 460 2680 quarn
481 2605 583 2663 utiles:
605 2605 725 2662 etmihi
745 2598 1104 2678 talisaliquandosortuna
1124 2604 1163 2660 as·
1221 2603 1225 2608 ’
1254 2651 1255 2662 ,

190 2683 307 2742 “fulsit
348 2683 483 2746 Quodsi
497 2685 527 2742 in
541 2684 684 2747 secundis
690 2684 777 2742 rebus
790 2685 896 2742 bonarn
909 2701 1020 2757 quoquc
1034 2693 1162 2741 mentem

152 2771 177 2812 ³⁰
190 2764 323 2822 “darent
337 2761 405 2835 Dii3
426 2781 484 2822 non
505 2782 541 2821 ea
561 2762 663 2837 soldm,
686 2763 936 2838 quaeevenissent,
951 2761 1102 2820 sedetiam
1116 2780 1160 2832 ea,

190 2849 206 2874 ‘¹
218 2863 280 2918 quae
294 2844 410 2902 evenire
423 2853 549 2919 possent,
571 2853 777 2918 reputaremus.
818 2841 858 2900 Ut
870 2841 998 2899 omniurn
1012 2840 1162 2901 oblivisca-

135 2941 137 2943 ·
189 2921 259 2978 “ris
273 2923 404 2996 aliorum,
431 2923 499 2979 satis
526 2940 581 2998 ego
606 2921 774 2979 documenti
798 2922 831 3000 in
858 2939 960 2978 omnes
980 2940 1064 2978 casus
1088 2937 1160 2980 sum.

189 2997 317 3061 “Quem
341 2999 435 3072 modd,
457 3001 558 3058 castris
576 3001 651 3059 inter
664 3001 812 3058 Anienem
827 3011 910 3076 atque
924 3001 1025 3058 urbem
1040 3012 1161 3059 vestram

188 3086 208 3113 “
220 3075 327 3156 positis,
342 3080 427 3157 signa
449 3079 621 3138 inserentem
646 3080 682 3137 ad
695 3081 803 3139 moeuia
816 3080 972 3150 Romana3
995 3081 1042 3138 hlc
1056 3081 1161 3154 cernis,

151 3158 328 3217 ³⁵“duobus
353 3158 514 3218 fortissimis
538 3159 615 3228 viris,
637 3159 781 3230 tratribus,
806 3154 972 3218 clarissimis
986 3161 1162 3237 imperatori·

188 3236 279 3312 “bus,
293 3239 435 3307 orbatum,
460 3249 527 3297 ante
541 3239 649 3297 moenia
671 3239 760 3316 prope
782 3240 906 3299 obsessae
929 3240 1038 3316 patriae,
1058 3240 1162 3313 quibus

60 3359 67 3372 .
126 3385 128 3389 Ι
188 3318 306 3373 “terrui
319 3331 441 3374 vestram
455 3319 613 3392 urbem,ea
626 3337 677 3395 pro
691 3319 981 3396 meddeprecantem.
1024 3317 1160 3374 Maximae

188 3403 207 3430 ‘⁴
217 3393 321 3468 cuique
335 3394 455 3453 fortunae
477 3397 595 3454 minime
610 3398 791 3456 credendum
806 3409 858 3456 est.
900 3399 936 3454 In
950 3395 1034 3454 bonis
1046 3395 1104 3451 tuis
1117 3413 1161 3452 re-

188 3477 206 3504 “
219 3473 282 3541 bus,
304 3474 409 3531 nostris
430 3473 534 3542 dubiis,
549 3474 602 3532 tibi
623 3477 718 3552 ampla
731 3497 766 3536 ac
787 3479 918 3560 speciosa
937 3474 1017 3532 danti
1031 3482 1075 3530 est
1088 3492 1160 3549 pax:

151 3561 177 3602 40
188 3555 207 3583 “
218 3552 301 3610 nobis
314 3553 479 3628 petentibus
492 3554 585 3630 magis
598 3557 771 3630 necessaria,
785 3557 870 3632 quam
887 3558 1014 3614 honesta.
1056 3550 1161 3611 Melior
1254 3601 1255 3604 ,

189 3630 358 3707 “tutiorque
379 3642 424 3690 est
444 3631 523 3691 c'erta
546 3652 611 3709 pax,
633 3636 719 3710 quarn
743 3646 856 3712 sperata
884 3631 1022 3690 victoria:
1043 3631 1106 3689 haec
1131 3633 1162 3690 in

188 3720 207 3748 “
221 3711 279 3780 tut,
294 3711 343 3768 illa
363 3711 394 3768 in
405 3711 546 3771 Deorum
570 3725 658 3772 manu
672 3725 725 3772 est.
766 3711 815 3771 Nc
831 3723 872 3771 tot
885 3729 1025 3768 annorum
1040 3710 1160 3770 felicita-

97 3869 104 3876 *
189 3798 208 3828 “
220 3799 279 3847 tem
300 3790 331 3849 in
345 3791 432 3850 unius
445 3793 521 3852 horae
535 3793 650 3853 dederis
671 3792 837 3852 discrimen.
878 3790 980 3852 Quum
994 3791 1158 3860 tuas'vireS,
