2520 4310
501 95 511 122 Ὶ

391 379 393 384 -
468 345 574 402 LIBER
590 319 675 401 xxlt.
692 358 756 400 cnr.
773 359 857 400 xtrtr.
1091 351 1153 412 247

177 491 196 526 ‘¹
205 503 261 566 que
275 489 433 551 lacessierit
442 508 453 563 ‘3
475 504 504 564 et
516 493 594 570 qudd
615 495 718 566 hostes,
724 492 838 552 auxiliis
851 502 881 550 et
900 491 1027 568 pecuniis
1038 493 1151 570 juverit.

178 571 249 628 “Et
262 571 295 629 P.
310 572 478 648 Scipionem
503 571 583 630 recte
598 583 682 648 atque
695 573 797 630 ordine
812 572 902 629 videri
917 571 1021 629 secisse
1035 583 1065 629 et
1077 569 1154 632 sace·
1249 577 1250 602 ³

178 657 198 686 “
210 668 251 723 re,
265 649 347 726 quod¹
356 669 416 719 eos,
429 652 477 727 qui
492 670 572 709 arma
581 666 683 710 contra
695 653 832 727 populum
847 651 1014 710 Romanum
1029 650 1154 709 ferentes

147 751 160 758 ¹·
179 730 287 804 “capti
322 742 399 798 sunt,
428 731 553 789 hostium
584 747 705 788 numero
739 731 770 787 In
804 730 927 787 vinculis
969 730 1094 788 habeat:
1125 740 1155 790 et

153 810 199 851 ⁶“
211 805 253 865 M.
268 808 420 866 Aurelium
445 829 506 867 ere
530 809 645 885 publicet
669 809 775 877 lacere,
797 821 968 886 gratumque
992 809 1021 867 id
1040 809 1154 867 senatui

179 893 199 922 ‘⁸
211 904 284 959 esse,
298 887 376 964 qudd
390 889 485 947 socios
497 889 594 964 populi
606 889 745 957 Romani,
760 888 876 963 quando
886 889 951 964 jure
966 888 1082 946 loederir
1095 907 1154 947 uon

179 968 198 996 ‘⁴
209 977 315 1040 posset,
344 968 431 1025 armis
454 963 595 1025 tueatur.’'
658 968 733 1025 Cum
760 969 816 1025 hoc
838 978 897 1024 tarn
921 967 995 1026 tristi
1018 987 1155 1044 responso

178 1043 303 1102 dimissis
318 1045 538 1113 Macedonibus,
563 1046 650 1122 legati
671 1046 928 1122 Carthaginienses
952 1047 1064 1104 vocati:
1085 1065 1156 1121 quo-

177 1140 241 1178 rum
256 1125 386 1181 aetatibus
400 1125 645 1201 dignitatibusque
670 1125 833 1200 conspectis
856 1124 938 1201 (narn
959 1125 1045 1201 longe
1069 1126 1154 1202 primi

142 1205 166 1246 ¹⁰
177 1201 300 1260 civitatis
313 1204 421 1283 erant),
434 1214 495 1261 tum
510 1224 560 1280 pro
571 1223 602 1262 se
616 1204 735 1279 quisque
749 1204 859 1276 dicere,
874 1203 937 1261 vere
952 1204 989 1261 de
1010 1222 1082 1280 pace
1095 1204 1153 1282 agi.

178 1279 306 1358 Insignis
316 1293 413 1340 tamen
428 1283 501 1341 inter
516 1293 635 1342 ceteros
650 1283 815 1341 Hasdrubal
829 1293 900 1350 erat,
914 1282 1054 1359 (Haedum
1066 1303 1156 1360 popu·

178 1358 253 1416 lares
266 1362 439 1435 cognomine
453 1362 648 1440 appellabant)
662 1363 744 1437 pacis
757 1380 869 1437 semper
885 1374 994 1429 auctor,
1006 1363 1156 1420 adversus·

160 1456 235 1512 'que
256 1438 374 1496 factioni
399 1440 539 1497 BareInae.
580 1439 625 1498 Ed
649 1451 711 1498 turn
733 1441 798 1515 plus
823 1441 863 1497 illi
888 1441 1067 1498 auctoritatis
1089 1441 1153 1510 luit,

179 1516 247 1574 belli
261 1515 376 1593 culpam
398 1518 428 1576 in
449 1538 608 1594 paucorum
632 1518 819 1594 cupiditatem
844 1519 1156 1594 arepublicdtransfe·

55 1638 57 1641 .
145 1596 268 1653 terenti:
291 1597 339 1672 qui
353 1617 441 1673 quum
457 1597 682 1656 varid‘oratione
704 1617 774 1654 usus
794 1607 879 1668 esset,
901 1617 981 1654 nunc
1004 1600 1155 1675 puero

180 1675 313 1749 crimina,
335 1696 415 1735 nunc
435 1677 567 1752 quaedam
593 1677 719 1750 fatendo,
740 1695 777 1734 ne
802 1676 984 1750 impudenter
1006 1678 1086 1734 certa
1105 1697 1156 1736 ne·

179 1755 316 1830 gentibus
329 1756 472 1814 difficilior
493 1756 579 1814 venie
601 1767 687 1830 esset,
701 1775 782 1812 nunc
795 1755 941 1827 monendo
954 1754 1041 1812 etiam
1055 1756 1156 1816 Patres

181 1835 359 1910 conscriptos
374 1846 405 1893 ut
426 1837 512 1894 rebus
536 1836 674 1893 secundis
689 1834 817 1892 modeste
832 1853 867 1892 ac
881 1835 1027 1892 moderate
1041 1845 1156 1894 uteren-

180 1919 288 1982 tur;'“
301 1914 333 1971 Si
357 1934 388 1972 se
413 1926 498 1990 atque
518 1915 693 1972 Hannonem
718 1911 867 1971 audissent
888 1913 1156 1990 Carthaginienses,

144 2002 170 2044 ao
181 1995 200 2023 ‘⁴
212 2002 241 2049 et
254 2004 381 2068 tempore
395 1995 437 2052 uti
450 1995 616 2067 voluissent,
630 1995 746 2051 daturos
760 1993 848 2050 fuisse
863 1993 942 2068 pacis
963 1993 1155 2068 conditiones,

182 2079 281 2146 “quas
294 2083 364 2130 tunc
388 2084 527 2149 peterent.
569 2074 650 2131 Raro
672 2072 756 2130 simul
771 2072 937 2140 hominibus
950 2072 1054 2130 bonam
1070 2073 1156 2132 sortu-

156 2145 168 2155 '
181 2157 201 2186 ‘⁸
211 2169 278 2208 nam
293 2152 454 2228 bonamque
468 2163 593 2210 mentem
613 2153 684 2210 deri,
726 2152 867 2228 Populum
881 2152 1049 2210 Romanum
1062 2151 1098 2210 eb
1112 2153 1157 2212 in·

181 2232 200 2260 ‘⁴
213 2229 319 2288 victum
333 2250 407 2300 esse,
422 2230 497 2307 qudd
519 2233 550 2290 in
564 2232 702 2291 secundis
725 2232 812 2289 rebus
833 2250 933 2307 sapere
954 2241 984 2288 et
1003 2231 1174 2290 consulere*

180 2317 200 2345 “
212 2311 394 2369 meminerit:
415 2323 444 2369 et
459 2310 603 2387 (Hercule
616 2313 637 2391 l)
654 2311 817 2368 mirandum
832 2311 930 2383 luisse,
944 2310 968 2368 si
983 2310 1065 2368 aliter
1079 2310 1156 2369 face·

145 2390 199 2461 ttf‘
209 2397 281 2444 rent.
322 2389 368 2446 Ex
382 2390 544 2463 insolentie,
565 2391 669 2465 quibus
691 2409 766 2448 nova
789 2390 865 2447 bona
878 2390 992 2447 fortuna
1005 2390 1052 2461 sit,
1067 2390 1156 2466 impo-

182 2458 201 2502 ‘²
213 2476 307 2524 tentes
320 2467 425 2524 laetitiae
450 2469 586 2525 insanire.
627 2455 738 2542 Populo
751 2468 886 2524 Romano
900 2468 1005 2537 usitata
1019 2486 1054 2524 ac
1068 2469 1155 2545 prope
1252 2533 1256 2544 ⁴

181 2553 201 2581 ⁴⁶
210 2545 270 2621 jem
284 2545 413 2627 obsoleta
435 2565 472 2603 ex
495 2546 613 2604 victorii
627 2545 734 2621 gaudia
746 2564 821 2612 esse,
835 2544 899 2619 plds
913 2564 995 2621 paene
1009 2547 1156 2620 parcendo

182 2626 201 2656 “
213 2625 306 2692 victis,
320 2625 406 2700 quim
429 2625 580 2697 vincendo,
602 2623 754 2699 imperium
780 2624 925 2680 auxisse.”
976 2623 1156 2684 Ceterorum

181 2699 484 2763 miserabilior‘oratio
511 2704 573 2772 tuit,
606 2702 904 2769 commemorantium,
940 2702 1017 2759 “Ex
1040 2704 1156 2778 quantis

146 2785 201 2832 ³⁰“
211 2783 314 2860 opibus
337 2784 395 2859 qud
418 2783 590 2862 recidissent
613 2782 898 2859 Carthaginiensium
922 2801 987 2839 res:
1008 2782 1080 2840 nihil
1102 2784 1155 2854 eis,

182 2871 201 2898 “
210 2864 258 2938 qui
274 2863 359 2921 modo
372 2864 471 2921 orbem
485 2863 570 2939 prope
585 2873 722 2920 terrarum
737 2861 929 2919 obtinuissent
947 2861 1043 2930 armis,
1057 2881 1157 2941 super·

182 2944 201 2974 “
213 2961 287 3010 esse,
301 2952 404 3018 praeter
428 2942 613 3018 Carthaginis
633 2940 748 2999 moenia.
791 2940 832 2998 lis
846 2941 982 3010 inclusos,
997 2961 1056 3000 non
1070 2944 1155 3012 terri,

183 3024 271 3078 “non
296 3022 378 3094 mari,
402 3021 557 3097 quidquam
578 3022 622 3078 sui
645 3021 718 3097 juris
740 3039 869 3078 cernere.
911 3020 1019 3078 Urbem
1043 3041 1156 3098 quoque

183 3100 304 3175 “ipsam
318 3121 354 3158 ac
369 3111 487 3177 penates
510 3101 551 3159 ita
576 3099 772 3172 habiturospsi
796 3118 854 3157 non
869 3099 899 3158 in
913 3119 948 3157 ea
961 3120 1084 3178 quoque,
1099 3121 1156 3178 quo

147 3187 174 3228 ὅ
184 3181 286 3248 “nihil
301 3181 419 3256 ulterius
433 3181 480 3255 sit,
494 3181 594 3238 saevire
616 3179 735 3256 populus
750 3180 903 3254 Romanus
916 3180 1011 3238 velit.’'
1053 3180 1156 3242 Quum

182 3258 259 3318 flecti
274 3249 469 3318 misericordie
484 3260 583 3318 Patren
604 3269 763 3335 appareret,
787 3270 951 3317 senatorum
966 3278 1056 3316 unum
1071 3259 1157 3316 inles-

182 3348 244 3396 tum
268 3339 395 3413 perfidiae
416 3339 701 3414 Carthaginiensium
726 3339 919 3396 succlamisse
940 3337 1045 3403 ferunt,
1068 3335 1156 3394 “Per

184 3426 284 3491 “quos
308 3417 387 3474 Deos
410 3417 504 3475 toedus
527 3417 613 3474 icturi
636 3426 743 3484 essent,
757 3437 845 3492 quum
860 3435 920 3483 eos,
932 3435 986 3490 per
1004 3433 1076 3488 quos
1089 3415 1156 3472 ante

184 3496 304 3554 “ictum
319 3506 405 3568 esset,
416 3495 604 3552 fefellissent!
618 3493 636 3521 '⁹
659 3494 745 3556 “Per
759 3497 906 3562 eosdem,''
917 3493 1010 3568 inquit
1025 3491 1156 3552 Hasdru·

149 3581 175 3622 ⁴⁰
184 3570 240 3644 bal,
257 3585 276 3614 ‘⁶
287 3575 337 3650 qui
349 3585 408 3632 tam
423 3574 519 3632 infesti
533 3585 601 3632 sunt
614 3573 722 3632 foedera
736 3572 937 3633 violantibus.''
1005 3575 1010 3580 ’

222 3731 338 3792 XLIII.
360 3732 512 3791 Inclinatis
532 3732 662 3792 omnium
677 3733 713 3790 ad
727 3749 829 3808 pacem
851 3727 965 3801 animis,
980 3727 1035 3786 Cn.
1050 3727 1158 3788 Lentu·

183 3813 228 3872 lus
241 3814 351 3883 consul,
366 3813 415 3873 cui
428 3813 529 3894 classis
549 3811 699 3890 provincia
711 3822 783 3885 erat,
797 3808 1058 3868 senatis-consulto
1071 3808 1158 3870 inter·
