2556 4314
559 305 665 356 uuus
680 305 702 354 1.
719 317 782 384 car.
800 317 888 352 xxvrr.
1149 301 1189 358 27

170 463 188 499 .·
216 453 236 481 ‘⁴
246 459 374 526 possent.
423 447 451 516 I,
464 447 559 515 lictor,
574 447 678 523 colliga
691 467 803 520 manus,
817 465 880 522 que
893 444 978 522 paulo
993 443 1060 504 ante
1074 452 1191 502 armatae
1246 447 1249 466 ²

209 537 237 600 ᾖ(
249 527 404 603 imperium
416 527 523 602 populo
544 526 679 592 Romano
699 537 879 604 pepererunt.
921 525 947 597 Ι,
965 536 1050 603 caput
1072 523 1190 584 obnube

212 606 411 666 “liberatoris
425 606 504 663 urbis
518 605 619 681 hujusr
641 607 735 663 arbori
758 605 867 663 infelici
881 605 1042 679 suspende:
1063 604 1191 672 verbera,

221 685 298 742 “vel
322 686 396 742 intra
415 685 595 760 pomoerium,
616 684 704 742 modo
729 685 803 741 inter
824 685 873 742 illa
892 683 951 758 pila
971 695 1001 740 et
1027 683 1115 757 spolia
1127 683 1193 738 hos-

196 773 242 811 ⁵“
252 764 342 832 tium;
364 764 409 820 vel
432 773 513 820 extra
525 764 705 838 pomoerium,
720 763 806 820 modd
825 763 902 819 intra
916 763 1048 836 sepulcra
1069 759 1191 817 Curiati-

218 841 242 875 “‘
254 861 342 899 orum.
362 869 364 872 ·
382 841 452 901 Quo
466 842 544 899 enim
565 843 672 900 ducere
687 845 766 900 huuc
777 842 914 917 juvenem
929 841 1057 916 potestis,
1072 839 1121 896 ubi
1135 857 1194 895 non

223 930 243 956 ⁴⁶
255 939 306 984 sua
324 921 429 994 decora
454 939 521 982 eum
545 940 562 976 a
582 924 671 989 tanti,
689 919 816 978 soeditate
839 919 971 996 supplicii
993 917 1193 976 vindicentl”

221 997 289 1055 Non
303 997 370 1054 tulit
387 999 510 1074 populus
530 1018 587 1064 nec
600 1001 688 1074 patris
709 1001 864 1074 lacrymas·
876 1017 932 1056 nec
947 999 1037 1074 ipsius
1051 1007 1149 1072 parem
1164 997 1194 1054 iu

135 1103 138 1110 ·
218 1077 298 1134 omni
311 1077 441 1151 periculo
462 1077 607 1140 animum:
629 1079 876 1153 absolveruntque,
891 1077 1081 1135 admiratione
1103 1077 1195 1152 magis

32 1142 36 1147 ⁸
100 1189 104 1194 -
185 1156 341 1223 revirentis,
356 1154 442 1229 quim
461 1156 525 1232 jure
547 1155 650 1214 ceusae.
691 1158 802 1232 Itaque,
818 1169 849 1214 ut
870 1158 966 1215 caedes
979 1155 1195 1213 manifestasti-

220 1255 277 1310 quo
297 1245 395 1292 tamen
416 1233 530 1309 piaculo
553 1235 689 1308 lueretur,
704 1237 875 1312 imperatum
892 1236 977 1312 patri,
991 1247 1022 1292 ut
1041 1235 1132 1292 lilium
1146 1253 1195 1290 ex·

169 1309 174 1320 '
220 1315 313 1390 piaret
333 1314 458 1388 pecunie
484 1314 609 1389 publici.
664 1314 704 1383 Is,
734 1317 906 1390 quibusdam
927 1315 1124 1390 piacularibus
1152 1331 1196 1368 sa·

223 1393 340 1450 orificiis
355 1393 449 1465 factis
460 1411 523 1468 quae
537 1394 647 1450 deinde
658 1395 1001 1469 genti-Horatiaetrsdita
1015 1404 1092 1461 sunt,
1107 1404 1199 1449 trans·

222 1472 384 1548 missaper
409 1473 485 1528 viam
509 1473 609 1548 tigillo,
632 1473 726 1547 capite
748 1475 894 1547 adoperto,
917 1473 993 1530 velut
1014 1471 1068 1528 sub
1094 1471 1197 1546 jugum

186 1566 213 1604 rs
223 1550 303 1608 misit
314 1551 467 1626 juvenem·
476 1586 489 1614 -,
498 1549 536 1616 Id
558 1551 646 1606 hodie
666 1569 777 1625 quoque
790 1551 907 1625 publice
917 1569 1042 1624 asemper
1056 1549 1198 1608 resectum

226 1640 349 1686 manet..
374 1629 536 1684 'Sororium
560 1629 684 1702 tigillum
707 1638 820 1685 vocant.
874 1629 1003 1684 Horatiae
1025 1629 1198 1701 sepulcrum,

223 1727 284 1782 quo
296 1707 361 1765 loco
375 1717 521 1764 corrueret
535 1707 602 1780 icta,
616 1716 814 1764 constructum
827 1717 870 1764 est
882 1725 950 1763 saxo
964 1705 1110 1784 quadrato.

171 1849 173 1854 Α
264 1863 406 1922 XXVIL
430 1862 497 1922 Nec
522 1866 571 1922 diu
591 1885 648 1942 pax
670 1865 786 1924 Albana
807 1867 920 1927 mansit.
970 1847 1084 1926 lniidia
1111 1868 1199 1946 vulgi,

224 1943 303 2019 quod
316 1943 407 2002 tribus
421 1945 559 2002 militibus
570 1944 684 2004 fortuna
695 1946 813 2021 publica
824 1947 1085 2020 commissasuerit,
1095 1965 1200 2006 venum

28 2033 31 2048 ¹
120 2057 121 2061 κ
151 2023 377 2099 ..asingenium
398 2023 545 2101 dictatoris
568 2025 712 2100 corrupit3
746 2035 785 2092 et,
808 2027 942 2105 quoniam
974 2036 1055 2084 recta
1079 2027 1201 2084 consilia

209 2137 210 2140 =
226 2103 305 2160 haud
320 2103 393 2160 bene
407 2113 573 2171 evenerant,
587 2105 682 2178 pravis
692 2105 880 2170 reconciliare
894 2106 1074 2181 popularium
1088 2105 1201 2162 animos

225 2182 320 2257 ooepit.
363 2181 465 2258 Igitur,
486 2193 518 2240 ut
536 2182 616 2258 priris
630 2184 660 2240 in
679 2181 755 2242 bello
768 2203 882 2260 pacem,
896 2185 939 2241 sic
953 2185 983 2242 in
997 2203 1071 2260 pace
1092 2184 1200 2240 bellum
1217 2247 1224 2258 ¹

224 2279 363 2334 querens
380 2262 447 2335 quia
467 2271 526 2318 suae
541 2261 648 2320 civitati
669 2263 830 2320 animorum
845 2263 909 2339 plus
922 2263 1008 2338 quim
1022 2263 1125 2321 virium
1140 2279 1201 2320 cer·

226 2339 311 2395 nebat
324 2359 397 2408 esse,
412 2341 448 2396 ad
463 2339 569 2396 bellurn
583 2339 677 2415 paldm
698 2353 782 2414 etque
796 2359 832 2398 ex
845 2342 942 2400 edicto
955 2343 1115 2416 gerendum
1130 2343 1202 2398 alios

190 2419 351 2488 seconcitat
371 2417 511 2494 populos'3
526 2418 593 2476 suis
617 2437 668 2494 per
690 2419 818 2493 speciem
842 2421 989 2477 societatis
1010 2422 1202 2494 proditionem

157 2553 160 2558 ,
225 2510 358 2555 reservat:
414 2496 589 2562 Fidenates„
607 2497 721 2554 colonia
744 2498 890 2569 Romana,
914 2497 1089 2572 Veientibus
1116 2499 1202 2556 sociis

224 2577 338 2637 consilii
358 2575 523 2649 assumptis
537 2583 622 2648 pacto
643 2575 821 2631 transitionis
843 2576 1022 2632 Albanorum
1044 2575 1080 2632 ad
1094 2576 1201 2633 bellum
1248 2579 1249 2584 ’

224 2667 308 2731 atque
329 2669 411 2712 arma
434 2653 600 2710 incitantur.
641 2651 744 2714 Quum
769 2652 889 2711 Fidenae
908 2652 1005 2729 aperte
1030 2654 1200 2723 descissent,

201 2800 204 2805 ¹
226 2734 340 2803 Tullus,
356 2734 451 2791 Metto
465 2732 653 2806 exercituque
675 2732 738 2808 ejus
760 2732 799 2788 ab
813 2732 890 2790 Albi
905 2733 1008 2801 accito,
1024 2745 1124 2792 contra
1138 2736 1202 2793 hos·

190 2824 267 2871 autes
291 2814 390 2872 ducit:
420 2813 470 2870 ubi
493 2811 642 2869 Anienem
666 2811 788 2884 transiit,
814 2813 849 2868 ad
875 2811 1067 2871 confluentes·
1078 2815 1201 2873 collocat

225 2903 329 2950 castra
370 2893 450 2949 Inter
474 2910 541 2952 eum
565 2892 668 2949 locum
676 2900 705 2948 et
718 2891 856 2965 Fidenas,
870 2892 1039 2969 Vejentium
1058 2893 1202 2950 exercitus

227 2970 362 3028 Tiberim
383 2971 540 3037 transierat.
583 2971 624 3030 Hi
645 2982 676 3028 et
698 2971 729 3028 in
753 2971 816 3028 acie
840 2991 927 3051 prope
952 2973 1061 3029 fiumen
1082 2973 1202 3029 tenuere

229 3049 361 3106 dextrum
376 3062 481 3118 cornu:
503 3051 533 3108 in
557 3049 673 3108 sinistro
686 3050 852 3108 Fidenates
876 3050 993 3128 propius
1007 3061 1120 3109 montes
1134 3070 1202 3109 con-

229 3127 363 3185 sistunt'
390 3124 495 3186 Tullus
522 3129 658 3186 adversus
681 3129 835 3206 Vejentem
859 3131 971 3188 hostem
996 3127 1095 3205 dirigit
1115 3150 1201 3188 suos:

193 3217 219 3258 ³⁵
228 3206 358 3266 Albanos
372 3219 473 3266 contre
485 3208 630 3284 legionem
639 3208 825 3267 Fidenatium
839 3211 970 3267 collocat.
1013 3209 1129 3267 Albano
1143 3228 1202 3267 non

227 3287 292 3362 plus
305 3287 395 3344 animi
409 3297 479 3355 erat,
494 3287 581 3362 quim
600 3287 668 3346 fidei
681 3301 694 3344 :‘
709 3307 765 3346 nec
785 3305 903 3346 manere
917 3307 996 3365 ergo,
1011 3305 1067 3344 neo
1081 3289 1203 3346 transire

227 3365 327 3442 aperte
350 3383 447 3440 ausus,
460 3367 568 3424 sensim
592 3368 628 3423 ad
651 3378 765 3443 montes
788 3369 928 3425 succedit.
970 3367 1055 3432 Inde,
1070 3366 1120 3422 ubi
1135 3366 1204 3422 satis

229 3445 342 3501 subisse
367 3463 429 3502 sese
454 3455 534 3502 ratus
558 3455 611 3514 est,
632 3446 718 3522 erigit
741 3456 830 3504 totam
857 3447 970 3504 aciem:
1002 3445 1204 3515 fluctuansque

229 3522 336 3592 animo,
351 3533 382 3581 ut
395 3535 501 3582 tereret
513 3535 635 3601 tempus,
647 3525 764 3584 ordines
776 3526 911 3600 explicat.
954 3519 1116 3581 Consilium
1130 3529 1202 3589 erat,

194 3603 287 3677 roqud
301 3601 415 3662 fortuna
427 3619 489 3660 rem
502 3603 593 3671 deret,
615 3605 652 3660 ei
673 3604 814 3660 inclinare
827 3605 911 3659 vires.
954 3589 1098 3678 Mitfwulo
1110 3596 1204 3662 Primi]

229 3700 293 3738 esse
308 3681 462 3749 Romanis,
476 3683 525 3756 qui
548 3673 671 3757 prdximi
693 3692 842 3750 steterant,
865 3688 898 3733 ut
920 3673 1024 3756 nudafl
1048 3664 1139 3720 latera
1153 3685 1205 3722 sua

230 3761 375 3824 sociorum
394 3760 532 3842 digressu
554 3769 725 3818 senserunt:
747 3757 816 3814 inde
837 3769 934 3824 eques⁴
946 3749 1034 3800 citato
1047 3749 1121 3806 e‘lUO
1133 3757 1206 3794 nun-
