2520 4310
138 335 200 396 223
242 345 245 362 ‚
534 333 610 385 riri
626 333 712 385 mvn

639 426 647 462 r

124 495 204 548 ,sum
214 493 321 554 agmen
334 487 487 553 carperent
499 475 536 534 ab
548 477 627 536 omni
641 487 721 554 parte
741 477 988 554 incursarentque,
1002 483 1112 561 etjam,
1152 479 1154 482 ’

136 555 243 616 omisso
256 556 374 630 itinere,
384 557 460 631 qnod
485 556 559 632 fu'gae
580 556 758 626 similarent,
779 561 990 618 castrametari
1005 561 1112 625 Poenus

136 634 169 694 in
183 635 296 710 tumulq
313 654 398 711 super
422 635 549 693 fluminis
572 636 663 712 ripam
677 637 779 706 vellet3
800 637 919 694 advenit
943 638 1044 698 Livius
1063 661 1112 717 pe-
1153 640 1156 645 ’

137 713 230 772 ditum
242 715 377 772 omnibus
390 715 491 792 copiis,
514 733 572 773 non
596 715 708 772 itineris
725 716 821 788 modo,
835 717 887 772 sed
901 717 939 774 ad
958 736 1111 778 conseren-

137 791 208 850 dum
233 795 377 869 extemplo
403 793 535 870 proelium
562 794 709 852 instructis
736 795 918 870 armatisque.
974 798 1034 854 Sed
1061 799 1145 859 ubis

135 888 238 930 omnes
251 873 349 949 oopias
363 873 585 948 conjunxerunt,
608 873 775 948 directaque
798 873 877 930 acies
900 887 954 941 ert,
969 875 1110 938 Claudius

135 949 237 1011 dextro
250 952 280 1008 in
295 970 396 1018 cornu,
410 950 510 1008 Livius
534 951 570 1008 ab
584 951 698 1009 sinistro
717 971 845 1028 pugnam
860 953 993 1010 instruit:
1015 955 1111 1015 media
1191 1023 1194 1030 ,

134 1029 339 1104 aaiespraetori
363 1031 472 1088 tuenda
494 1029 586 1086 datur.
628 1030 804 1103 Hasdrubal,
826 1031 934 1088 omissa
947 1033 1109 1092 munitione

61 1175 65 1180 .
126 1117 302 1178 ,castrorum
325 1106 475 1182 postquam
498 1109 687 1183 pugnandum
708 1109 789 1180 vidit,
812 1109 843 1184 in
853 1109 948 1184 prima
962 1111 1025 1167 acie
1039 1121 1108 1168 ante

135 1185 219 1262 signa
231 1186 399 1262 elephantos
412 1186 553 1244 oollooat:
575 1187 654 1243 oiroa
666 1205 716 1243 eos
729 1187 801 1243 laevo
814 1187 844 1242 in
865 1205 954 1243 cornu
967 1180 1108 1248 adversus
1119 1205 1143 1246 ro

135 1258 291 1322 Claudium
305 1265 404 1322 Gallos
426 1264 554 1340 opponit,
578 1265 656 1321 haud
669 1265 780 1326 tantum
793 1264 836 1320 eis
850 1265 951 1331 fidens,
965 1265 1107 1339 quantum

136 1342 174 1400 ab
187 1343 268 1404 hoste
282 1343 376 1400 timeri
390 1361 440 1400 eos
453 1343 598 1399 eradebat.
640 1341 706 1416 Ipse
720 1343 853 1400 dextrum
864 1361 958 1400 cornu
973 1345 1108 1404 adversus

134 1417 177 1478 M.
191 1420 305 1479 Livium
320 1422 374 1478 sibi
396 1432 481 1495 atque
494 1420 633 1496 Hispanis
648 1419 691 1497 (et
704 1420 745 1477 ibi
761 1420 889 1478 maximd
904 1421 935 1478 in
948 1432 1044 1480 vetere
1056 1423 1108 1480 rni-

132 1495 183 1556 lite
196 1517 276 1574 spem
291 1500 428 1578 habebat)
440 1499 570 1574 sumpsit.
611 1498 733 1575 Ligures
746 1499 777 1556 in
791 1493 889 1558 medio
901 1511 965 1575 post
973 1501 1107 1576 elephan-

131 1585 175 1634 tos
188 1578 293 1654 positi:
314 1580 366 1635 sed
389 1579 510 1654 longior,
524 1577 611 1653 quim
623 1577 715 1657 latior,
730 1578 809 1634 aoies
822 1589 892 1635 erat.
933 1579 1031 1636 Gallos
1042 1597 1107 1654 pro·
1116 1595 1141 1637 ra
1157 1646 1161 1654 ¹

131 1655 245 1714 minens
271 1657 352 1714 collis
375 1657 499 1732 tegebat.
541 1657 586 1714 Ea
605 1655 692 1724 frons,
718 1675 805 1731 quarn
820 1657 945 1734 Hispani
958 1657 1123 1731 tenebant„

130 1751 199 1792 oum
221 1735 336 1793 sinistro
359 1737 559 1794 Romanorum
582 1753 673 1793 cornu
694 1735 859 1793 oonourrit:
888 1736 988 1793 dextra
1010 1737 1105 1794 omnis
1148 1740 1153 1748 '

130 1813 210 1871 aoies
223 1827 303 1873 extra
316 1815 448 1891 proelium
469 1814 602 1876 eminens
625 1815 777 1873 aessabatr
799 1815 881 1872 collis
900 1815 1045 1889 oppositus
1058 1831 1104 1871 ar-

108 1891 277 1960 ·oebat,‚ne
292 1904 341 1951 aut
362 1913 380 1950 a
403 1893 506 1965 fronte,
530 1903 580 1950 aut
592 1891 732 1970 ablatem
747 1894 979 1969 aggrederentur.
1021 1891 1103 1950 Inter

39 1997 41 2002 ·
130 1968 245 2028 Livium
259 1972 541 2046 Hasdrubalemque*
553 1971 656 2048 iugens
677 1966 857 2030 contractum
871 1981 1018 2030 certamen
1031 1980 1102 2044 erat,
1113 1986 1139 2028 m

129 2057 266 2122 atroxque
290 2051 386 2106 oaedes
407 2051 552 2125 utrimque
576 2051 724 2108 edebatur.
766 2051 812 2107 Ibi
834 2052 924 2108 duces
947 2049 1040 2116 ambo,
1062 2047 1105 2106 ibi

127 2141 194 2202 pars
208 2127 297 2203 major
310 2128 439 2203 peditum
463 2129 649 2208 equitumque
672 2130 889 2196 Romanorum;
903 2129 953 2185 ibi
967 2123 1102 2202 Hispani,

127 2214 210 2263 retus
223 2206 305 2262 miles
326 2207 491 2282 peritusque
514 2207 658 2266 Romanae
673 2225 788 2284 pugna,
803 2217 832 2263 et
846 2206 978 2280 Ligures,
995 2206 1104 2263 durum

127 2281 158 2340 in
182 2284 269 2340 armis
292 2303 401 2359 genus:
422 2286 525 2342 eddom
548 2288 622 2344 versi
646 2285 799 2361 elephanti,
819 2284 867 2358 qui
885 2283 978 2358 primo
991 2282 1104 2358 impetu

126 2361 309 2420 turbaverant
331 2362 545 2439 antesignanos,
567 2360 597 2422 et
614 2365 675 2440 jam
688 2365 772 2439 signa
789 2370 936 2427 moverant
947 2361 1031 2419 looo:
1053 2361 1137 2418 de-aa

126 2439 204 2512 inde,
219 2451 367 2500 arescente
381 2443 540 2499 certamine
554 2453 584 2501 et
596 2443 732 2514 clamore,
746 2439 930 2515 impotentius
947 2439 1008 2515 jam
1029 2438 1101 2516 regi,

127 2529 157 2577 et
179 2515 254 2578 inter
277 2521 349 2578 duas
370 2521 448 2578 aoies
471 2520 587 2590 versari,
612 2521 700 2579 velut,
716 2520 821 2576 incerti
842 2536 962 2592 quorum
983 2526 1100 2587 essent3

126 2598 204 2658 haud
217 2599 393 2658 dissimiliter
403 2599 524 2658 navibus
537 2599 599 2657 sine
610 2597 809 2675 gubernaculo
819 2597 907 2672 ragis.
949 2595 1099 2668 Claudius,

126 2677 239 2742 “Quid
262 2698 332 2755 ergo
352 2678 492 2754 praeaipiti
516 2697 603 2736 eursu
627 2689 687 2734 tarn
710 2677 829 2752 longum
852 2675 906 2732 iter
930 2674 1039 2731 emensi
1054 2691 1101 2730 su·

125 2757 285 2814 “must”'
303 2757 454 2844 elamitaps
477 2757 625 2829 militibus,
645 2773 740 2830 ¹quum
762 2755 793 2811 in
818 2754 970 2811 adversum
995 2752 1137 2810 oollamao

124 2833 229 2890 frustra
249 2835 332 2909 signa
357 2835 468 2911 erigere
492 2845 613 2894 conatus
636 2843 722 2901 esset,
746 2842 896 2908 postquam
920 2831 956 2888 ed
978 2829 1098 2905 regione

123 2911 266 2987 penetrari
290 2913 327 2968 ad
351 2913 462 2970 hostem
478 2933 549 2986 non
565 2914 682 2971 videbat
701 2919 803 2987 posse}
836 2911 967 2968 cohortes
990 2907 1100 2982 aliquot

122 2989 279 3046 subductas
302 3009 319 3056 e
346 2992 446 3050 dextro
466 3011 567 3060 onina,
589 2992 639 3050 ubi
666 2991 820 3049 stationem
846 2988 940 3064 magis
967 2999 1097 3063 regnem,

121 3068 358 3148 quam-pugnam,
381 3071 506 3128 suturam
527 3070 674 3137 cernebat,
699 3079 763 3146 post
777 3069 870 3126 aoiem
884 3064 1098 3124 oir'oumduoita

121 3157 161 3214 at,
175 3165 233 3204 non
258 3148 387 3208 hostibus
410 3141 506 3219 modd,
531 3150 582 3218 sed
604 3149 691 3208 etiam
705 3147 765 3205 suis
776 3144 1002 3222 inopinantibus,
1017 3143 1048 3201 in
1062 3141 1099 3202 si-
1108 3161 1138 3206 aa

66 3287 74 3303 „
118 3225 244 3287 nistrum
268 3227 392 3284 hostiurn
413 3228 487 3284 latus
511 3227 650 3284 incurrit:
671 3227 808 3300 tantaque
828 3223 960 3282 celeritas
975 3220 1040 3296 fuit,
1054 3231 1097 3290 ut,

53 3337 83 3366 s..
119 3324 209 3382 quum
221 3307 416 3364 ostendissent
429 3323 460 3362 se
474 3305 510 3361 ab
523 3305 622 3374 latere,
634 3323 702 3363 mox
715 3305 745 3362 in
759 3314 841 3380 terga
851 3303 911 3378 jam
924 3311 1097 3377 pugnarent.

120 3383 167 3443 Ita
179 3403 216 3444 ex
228 3385 362 3443 omnibus
376 3383 512 3459 partibus,
527 3383 564 3440 ab
578 3384 680 3456 fronte,
694 3382 732 3440 ab
751 3383 850 3449 latere,
865 3381 902 3438 ab
916 3389 998 3456 tergo
1010 3378 1099 3437 huoi·
1125 3402 1129 3410 ·

119 3465 225 3524 dantur
239 3462 363 3538 Hispani
384 3461 563 3537 Liguresque
575 3481 584 3531 ς
605 3463 684 3520 etad
697 3461 797 3519 Gallos
814 3459 874 3536 jam
888 3459 985 3519 uades
997 3473 1098 3532 perre-
1117 3487 1119 3490 v

119 3537 212 3602 uerat.
252 3542 299 3599 Ibi
319 3539 471 3598 minimum
494 3539 661 3598 oertaminis
685 3539 758 3598 fuit:
779 3557 848 3595 nam
861 3547 891 3594 et
903 3555 970 3613 pars
990 3552 1161 3612 magnaru-

119 3622 157 3681 ab
170 3620 262 3696 signis
284 3619 413 3690 aberant,
427 3627 513 3675 noete
527 3618 640 3695 dilapsi,
654 3619 791 3694 stratique
805 3635 907 3674 somno
924 3614 1036 3690 passim·
1044 3631 1097 3688 per

118 3713 222 3772 agros;
242 3706 282 3763 et,
296 3697 345 3771 qui
358 3697 486 3767 aderant,
501 3695 604 3754 itinere
617 3714 653 3754 aa
666 3696 772 3771 vigiliis
786 3694 863 3764 fessi,
878 3689 1097 3752 intolerantissi-

117 3789 167 3832 ma
189 3773 295 3832 laboris
317 3791 447 3850 corpora,
471 3772 519 3832 vix
531 3791 611 3832 arma
624 3772 753 3833 hameris
774 3771 936 3850 gestabant.
977 3769 1017 3828 Et
1032 3767 1095 3846 jam
