2520 4310
472 387 578 438 amsa
593 387 648 438 xa.
666 401 730 438 crs.
747 403 820 438 mv.
1077 353 1138 448 aas

162 539 251 607 “quo
265 541 421 591 accusatus
442 551 517 606 sum,
532 532 568 590 ad
582 534 827 610 cognoscendum,
842 531 911 608 quid
932 541 1074 610 ageretur,
1088 532 1139 590 ha-

163 613 182 642 “
191 611 250 669 bui.
292 611 392 670 Utrum
406 623 553 672 momento
566 613 615 672 illo
628 615 704 671 horae
716 622 914 672 accusatorem
928 611 1079 670 audirem?
1100 630 1138 670 aa

163 690 393 751 “defensionem
414 692 589 751 meditarer?
631 693 780 753 Attonitus
803 692 953 769 repentino
974 702 1058 767 atque
1077 691 1139 750 ino-

163 771 290 847 “pinato
311 773 396 848 malo,
420 772 476 845 uix,
490 773 558 849 quid
582 773 764 850 objiceretur,
788 772 948 850 intelligere
968 771 1067 848 potui;
1089 789 1140 830 ne·

141 854 183 894 ⁵“
195 850 265 910 dum
287 852 356 910 satis
380 852 481 926 sciam,
502 872 558 928 quo
582 854 668 911 modo
691 872 737 911 me
759 863 848 912 tuear.
888 851 971 914 Quid
993 851 1064 910 mihi
1078 850 1139 927 spei

164 937 183 965 “
195 941 281 1004 esset,
295 932 351 990 nisi
374 943 485 1008 patrem
496 932 625 1009 J'udicem
648 933 807 991 habereml
828 932 903 1008 apud
925 950 1011 1008 quem
1025 931 1139 989 etiamsi

164 1011 314 1083 “caritate
339 1031 355 1068 a
379 1012 464 1070 fratre
489 1012 596 1089 majore
620 1012 728 1084 vincor,
749 1012 947 1071 misericordia
971 1012 1050 1068 certe
1071 1029 1139 1070 reus

87 1131 91 1142 .
164 1089 270 1147 “vinci
295 1110 353 1149 non
375 1092 476 1151 debeo.
518 1091 582 1168 Ego
603 1092 692 1165 euim,
713 1101 745 1150 ut
758 1111 805 1149 me
826 1091 897 1150 mihi
911 1090 1019 1166 tibique
1033 1109 1138 1164 serves,

164 1169 312 1244 “:precor
334 1169 392 1244 ille,
406 1181 438 1228 ut
451 1189 498 1228 me
512 1170 542 1228 in
564 1171 748 1228 securitatem
762 1190 844 1228 suam
857 1171 984 1242 occidas,
1005 1168 1137 1246 postulat.

130 1251 154 1292 ¹⁰
164 1254 183 1283 “
193 1246 277 1309 Quid
291 1268 369 1317 eum,
390 1269 479 1325 quum
500 1269 622 1327 reguum
646 1251 673 1309 ei
695 1250 856 1322 tradideris,
880 1250 1023 1308 sucturum
1044 1249 1139 1307 credis

163 1325 223 1384 “in
248 1347 294 1384 me
319 1347 392 1395 esse,
415 1330 464 1404 qui
482 1330 542 1407 jam
566 1347 646 1386 nuno
670 1329 823 1406 sanguine
832 1348 897 1387 meo
921 1329 975 1386 sibi
994 1329 1138 1408 indulgeri

164 1409 307 1482 “aequum
320 1408 469 1465 censetl”

202 1564 288 1623 XVI.
311 1565 429 1624 Dicenti
453 1566 516 1624 haec
540 1567 673 1642 lacrymas
688 1566 773 1624 simul
794 1566 924 1643 spiritum
938 1576 968 1624 et
980 1584 1081 1624 vocem
1095 1566 1138 1625 in·

163 1644 365 1704 tercluserunt.
407 1645 566 1722 Philippus,
585 1646 731 1718 ¹submotis
754 1646 799 1714 iis,
814 1646 957 1722 paulisper
979 1645 1139 1705 collocutus

131 1738 156 1778 15
164 1743 232 1782 curn
246 1724 357 1796 amicis,
371 1727 575 1802 pronuntiavit,
598 1732 614 1757 “
623 1725 693 1784 Non
714 1726 808 1784 verbis
822 1746 868 1799 se,·
884 1745 940 1783 nec
961 1725 1047 1782 unius
1061 1725 1138 1784 horae

165 1808 184 1835 “
193 1804 410 1881 disceptatione,
435 1825 551 1864 causam
566 1825 666 1865 eorum
680 1805 913 1882 dijudicaturum,
927 1805 979 1862 sed
993 1805 1139 1881 inquiren·

165 1891 184 1919 ‘⁴
196 1883 233 1942 do
248 1885 278 1941 in
292 1885 439 1960 utriusque
455 1887 552 1954 vitam,
571 1904 676 1958 mores,
700 1896 729 1942 et
742 1885 821 1943 dicta
834 1885 965 1960 factaque
979 1884 1010 1942 in
1025 1885 1139 1962 magnis

164 1967 183 1994 “
194 1964 344 2040 parvisque
358 1966 444 2022 rebus
457 1964 678 2023 observand0:'’
701 1975 733 2022 ut
745 1965 879 2022 omnibus
897 1973 1055 2054 appareret,
1070 1983 1139 2024 uoc-

163 2041 200 2099 tis
213 2044 350 2119 proxime
364 2045 476 2102 crimen
490 2044 573 2102 facile
588 2043 746 2124 revictum
738 2054 923 2120 ,suspectam
938 2043 1056 2101 nimiam
1071 2062 1139 2104 cum

127 2121 307 2180 aoRomauis
321 2123 595 2201 Demetriigratiam
609 2115 681 2181 esse.
723 2123 807 2194 Haeo,
829 2123 892 2181 vivo
906 2122 1047 2198 Philippo,
1061 2123 1139 2182 velut

163 2202 276 2260 semina
294 2203 373 2278 jacta
386 2214 454 2262 sunt
468 2202 654 2262 Macedonici
667 2203 745 2278 belli,
759 2203 836 2278 quod
850 2203 974 2262 maxime
988 2221 1056 2260 cum
1070 2202 1139 2261 Per·

163 2299 214 2339 seo
226 2283 387 2358 gerendum
401 2294 470 2341 erat.
513 2321 640 2350 a...

127 2450 154 2482 Ῥ
204 2437 321 2496 XXIV
343 2439 523 2498 Demetrium
548 2440 703 2498 iterumad
723 2450 833 2516 patrem
848 2441 994 2498 accusavit
1007 2441 1138 2500 Perseus.

127 2507 148 2584 ²⁰3
165 2557 291 2577 .....
331 2519 415 2577 Nihil
447 2531 543 2578 tamen
577 2519 671 2596 palam
705 2518 820 2595 gravius
852 2519 1068 2596 pronuntiatum
1102 2521 1139 2578 de

133 2590 199 2671 geo
232 2607 285 2666 est,
320 2609 362 2656 ut
395 2599 460 2657 dolo
502 2598 596 2676 potius
637 2598 856 2657 interficeretur
911 2641 1035 2656 .....
1090 2599 1139 2658 Ab

128 2643 374 2760 :JThessalonioe
415 2677 673 2736 Demetriadem
665 2678 719 2755 ipsi
752 2696 841 2754 quum
876 2677 930 2736 iter
964 2687 1055 2747 esset,
1083 2678 1139 2738 As·

128 2787 148 2813 a
128 2740 266 2816 *traeum
301 2758 424 2816 Poeoniae
458 2757 639 2816 Demetrium
674 2757 762 2816 mittit
795 2776 863 2816 cum
895 2758 998 2816 eodem
1033 2757 1139 2818 comite

133 2845 148 2871 ⁰
141 2835 250 2909 Dida,
274 2836 412 2897 Perseum
431 2837 639 2914 Amphipolim,
661 2837 697 2894 ad
721 2836 836 2896 obsides
860 2836 1011 2895 Thracum
1032 2837 1140 2915 accipi·

127 2940 155 2957 u
133 2906 262 2976 endos.
305 2917 487 2994 Digredienti
513 2917 549 2984 ab
562 2936 594 2974 se
607 2916 692 2974 Dida
706 2917 842 2974 mandata
854 2917 968 2974 dedisse
982 2917 1088 2976 dicitur
1101 2917 1139 2978 de

127 2995 223 3055 aofilio
247 2998 418 3056 occidendo.
461 2996 644 3056 Sacrificium
668 2995 704 3053 ab
726 2995 803 3054 Dida
824 3015 875 3055 seu
900 2996 1073 3070 institutum,
1087 3015 1139 3056 seu

163 3075 329 3136 simulatum
342 3087 403 3146 est3
424 3078 460 3135 ad
474 3077 549 3168 quod
561 3075 784 3135 celebrandurn
776 3076 912 3134 invitatus
921 3043 1087 3136 Demetriris
1101 3079 1138 3136 ab

163 3155 277 3216 Astraeo
291 3120 464 3215 Heracleam
480 3156 565 3215 venit.
608 3156 644 3215 In
657 3159 693 3214 ea
707 3175 793 3214 coena
813 3155 884 3215 dicit
873 3167 919 3214 tur
932 3175 1076 3216 venenum
1090 3157 1139 3215 da·

162 3245 233 3294 turn.
274 3236 383 3296 Pooulo
396 3248 490 3329 epoto,
502 3236 647 3313 extemplo
667 3235 773 3294 sensit.
794 3246 824 3294 et
838 3255 904 3295 mox
918 3236 1023 3295 coortis
1036 3235 1138 3298 dolori-

163 3313 227 3381 bus,
251 3316 352 3374 relicto
372 3317 513 3390 convivio,
535 3335 623 3392 quum
645 3316 676 3375 in
698 3315 867 3374 cubiculum
887 3316 1043 3391 recepisset
1064 3333 1137 3388 sese,

126 3405 152 3447 sa
163 3356 362 3452 crudelitatem
376 3395 464 3471 patris
478 3413 668 3470 conquerens,
682 3394 869 3472 parricidium
884 3394 1037 3466 fratrissa
1051 3393 1136 3452 Didae

162 3473 289 3532 seelus'
281 3492 428 3546 incusans,
457 3475 649 3550 torquebatur.
701 3474 861 3534 Intromissi
885 3472 990 3530 deinde
1015 3471 1137 3548 Thyrsis
1228 3535 1231 3542 ,

161 3553 278 3643 quidam
294 3519 459 3611 Stuberaebs
472 3565 501 3612 et
514 3553 661 3612 Beroeaeus
674 3550 873 3621 Alexander,
865 3551 980 3630 injectis
993 3551 1137 3644 tapetibus

162 3632 193 3692 iu
207 3643 295 3710 caput
317 3632 483 3710 faucesque,
499 3633 631 3710 spiritum
652 3632 884 3692 intercluserunt.
933 3631 1010 3690 Ita
1002 3631 1138 3692 innoxius

162 3712 342 3781 adolescens,
357 3732 445 3788 quum
458 3713 489 3772 in
513 3732 549 3772 eo
572 3732 610 3771 ne
624 3713 748 3791 simplici
771 3713 889 3790 quidem
909 3731 1017 3792 genere
1038 3712 1137 3774 mortis

126 3814 152 3854 ro
162 3793 291 3856 contenti
304 3792 417 3853 inimici
431 3793 562 3868 luissent,
577 3792 756 3854 interficitur.

604 3986 609 3990 .
623 3981 808 3990 ...-.—..--—--
