2556 4314
529 353 638 404 LIBER
654 353 689 403 11.
713 366 775 403 cun.
793 366 883 400 mu.
1153 347 1193 406 75

215 496 353 555 “frustra
366 496 488 572 dictator
513 515 571 555 ero.
612 495 774 554 Discordiae
797 494 951 566 intestina,
972 491 1081 558 bellum
1098 501 1193 552 exter-

218 581 237 610 “
250 595 334 644 uum,
350 575 457 644 secere,
479 585 511 654 ut
535 577 592 634 hoc
612 576 781 653 magistratu
796 585 894 652 egeret
915 573 1084 650 respublica„
1132 571 1194 630 Pax

220 665 241 728 ἦ(
253 655 321 714 loris
343 666 426 731 parta
446 665 508 726 est,
530 655 608 714 domi
632 655 805 732 impeditur:
836 653 963 732 privatus
982 651 1087 728 potiris,
1108 651 1194 726 quim

223 739 242 767 “
254 734 386 804 dictator,
411 735 545 794 seditioni
569 735 725 793 iuterer0.'’
766 734 821 803 Ita,
845 733 927 800 curii
948 749 1091 808 egressus,
1105 730 1195 788 dicta-

196 813 289 872 stura
312 833 342 872 se
361 814 511 873 abdicavit.
552 814 696 891 Apparuit
719 833 808 873 causa
830 813 919 891 plebi,
944 831 1027 870 suam
1048 810 1140 868 vicem
1153 809 1197 866 iu·

222 894 389 969 dignantem
410 895 578 970 magistratu
599 894 714 952 abisse:
740 893 846 970 itaque,
871 892 949 950 velut
968 890 1114 968 persoluti
1128 889 1195 956 fide,

219 973 354 1051 quoniam
367 992 419 1048 per
432 992 499 1032 eum
523 992 583 1032 non
607 973 741 1042 stetisset,
756 974 827 1049 quin
843 981 1037 1048 praestaretur,
1052 968 1196 1028 deceden-

219 1060 279 1109 tem
292 1052 410 1110 domum
424 1071 492 1112 curn
505 1052 601 1112 lavore
616 1073 651 1112 ac
664 1052 798 1113 laudibus
811 1050 956 1130 prosecuti
970 1059 1047 1110 suut

257 1208 391 1268 XXXII.
413 1209 517 1270 Timor
541 1211 610 1269 inde
634 1209 734 1270 Patres
752 1211 882 1280 incessit,
896 1230 944 1284 ne,
958 1209 983 1269 si
997 1208 1134 1282 dimissus
1145 1225 1196 1268 ex·

183 1300 209 1341 1⁰
219 1288 324 1356 ercitus
338 1289 420 1364 soret,
434 1311 532 1349 rursus
545 1301 653 1364 coetus,
659 1291 766 1350 occulti
787 1289 1058 1370 conjurationesque
1071 1289 1195 1350 fierent:

219 1367 324 1444 itaque,
346 1366 522 1446 quamquam
544 1389 595 1447 per
617 1371 788 1430 dictatorem
814 1371 945 1429 delectus
969 1367 1084 1428 habitus
1108 1375 1195 1438 esset,

218 1457 326 1517 tamen,
350 1449 497 1524 quoniam,
511 1449 543 1508 in
558 1451 710 1509 consulum
732 1451 819 1509 verba
837 1449 992 1528 intissam,
1014 1457 1196 1507 sacramento

219 1527 313 1584 teneri
335 1528 459 1585 militem
479 1528 544 1601 rati,
567 1547 618 1604 per
640 1548 758 1587 causam
784 1530 913 1588 renovati
937 1529 974 1585 ab
998 1527 1101 1604 AEquis
1126 1526 1196 1584 belli

194 1635 196 1638 ·
221 1605 310 1664 educi
323 1625 364 1662 ex·
382 1607 455 1663 urbe
475 1606 609 1684 'legiones
630 1607 740 1683 jussere
755 1628 763 1663 t
783 1627 839 1683 quo
853 1609 930 1665 lacto
943 1617 1085 1664 maturata
1097 1615 1142 1663 est
1154 1623 1197 1664 se·

183 1683 303 1743 iuditio.
344 1683 384 1742 Et
409 1685 502 1762 primd
529 1685 666 1762 agitatum
688 1687 793 1746 dicitur
817 1686 854 1744 de
875 1684 1028 1744 consulum
1049 1685 1139 1757 cede,
1165 1695 1198 1742 ut
1251 1729 1259 1740 ,.

219 1763 400 1830 solverentur
434 1775 616 1825 sacramento
631 1785 643 1823 :·
672 1766 774 1825 doctos
800 1765 917 1834 deiude,
954 1764 1063 1822 nullam
1089 1762 1197 1821 scelere

219 1840 390 1920 religionem
412 1843 530 1912 exsolvi,
547 1845 658 1904 Sicinio
679 1847 805 1922 quodam
826 1854 957 1917 auctore,¹
969 1843 1080 1920 injussu
1094 1857 1197 1900 cousu-

219 1920 323 1978 lumin
338 1921 462 1979 Sacrum
480 1932 609 1980 montem
623 1925 778 1982 secessisse
801 1924 895 2000 (trans
908 1923 1056 1980 Anienem
1078 1939 1195 1979 amnem

219 2008 274 2070 est,
288 1999 342 2055 tria
354 2000 391 2055 ab
404 1999 475 2056 urbe
495 1999 586 2057 millia
598 2003 761 2082 passuum).
802 2002 847 2058 Ea
861 2001 1036 2076 frequentior
1050 1999 1129 2058 lama
1139 2010 1194 2068 est,

179 2093 210 2137 aa
219 2076 316 2152 quam,
330 2077 413 2154 cujus
427 2078 492 2136 Piso
506 2088 669 2147 auctorest,
684 2079 715 2137 iu
732 2079 913 2137 Aventinum
926 2079 1122 2138 secessionem
1136 2079 1196 2138 fac·

217 2167 278 2214 tam
292 2175 363 2214 esse.
405 2156 461 2232 lbi,
483 2156 546 2216 sine
570 2158 628 2217 ullo
651 2157 738 2232 duce,
762 2159 836 2218 vallo
857 2158 990 2235 fossaque
1006 2159 1195 2218 communitis

218 2233 328 2309 castris,
353 2235 453 2312 quieti,
475 2256 543 2296 rem·
559 2237 679 2313 nullam,
704 2238 761 2297 nisi
786 2239 983 2297 necessariam
1008 2239 1045 2296 ad
1072 2239 1193 2313 victum,

211 2312 366 2389 lsumendo,
377 2335 428 2392 per
443 2316 550 2392 aliquot
562 2317 635 2390 dics,
646 2337 742 2393 neque
755 2318 882 2376 lacessiti
895 2337 991 2394 neque
1004 2319 1193 2390 lacessentes,

217 2411 280 2452 sese
293 2397 421 2454 tenuere.
463 2397 559 2455 Pavor·
578 2397 683 2474 iugens
701 2397 736 2468 in
760 2393 841 2466 urbe,
863 2408 1001 2473 metuque
1019 2408 1119 2455 mutuo
1133 2415 1196 2456 sus-

180 2489 306 2550 aapensa
329 2484 413 2533 erant
435 2475 542 2533 omnia.
584 2475 706 2534 Timere
729 2476 831 2533 relicta
844 2475 881 2532 ab
900 2475 960 2532 suis
974 2476 1073 2551 plebes
1088 2476 1193 2533 violeu-

216 2553 286 2613 tiam
300 2554 430 2628 Patrum,
442 2554 545 2612 timere
559 2553 660 2612 Patres
673 2553 800 2612 residem
813 2554 844 2611 iu
858 2554 930 2610 urbe
943 2554 1069 2629 plebem,
1080 2553 1194 2626 incerti,

215 2651 333 2691 manere
357 2653 425 2692 eam
446 2652 488 2692 an
512 2632 592 2691 abire
617 2631 746 2691 mallent.
788 2629 920 2694 “Quam
943 2632 994 2690 diu
1009 2641 1106 2689 autem
1119 2646 1195 2690 tran·

216 2720 236 2749 ‘⁶
248 2713 376 2788 quillam,
391 2732 455 2789 quae
480 2712 642 2785 secesserit,
653 2710 870 2778 multitudinem
884 2710 944 2770 fore
957 2713 968 2769 l
983 2711 1053 2788 quid
1067 2711 1194 2780 futurum

215 2795 234 2824 “
247 2793 364 2867 deinde,
378 2793 403 2851 si
416 2794 494 2868 quod
507 2803 660 2868 externum
681 2792 797 2851 interim
812 2792 920 2856 bellum
929 2791 1037 2850 existat
1049 2791 1061 2849 l
1082 2792 1192 2851 nullam

177 2891 205 2934 at
214 2875 234 2904 ‘⁴
245 2871 385 2946 profecti),
400 2873 456 2930 nisi
469 2873 499 2931 iu
514 2873 672 2934 concordii
685 2873 804 2946 civium,
819 2877 900 2951 sp'em
913 2873 1052 2949 reliquam
1066 2874 1191 2932 ducere:

215 2958 238 2986 “
250 2969 315 3006 eam
328 2969 378 3025 per
392 2970 547 3029 aequa,›per
569 2952 678 3029 iniqua,
697 2953 949 3028 ¹reconciliandam
973 2953 1082 3011 civitati
1096 2952 1191 3012 csse.'’

215 3027 330 3088 Placuit
343 3029 429 3106 igitur
450 3043 590 3092 oratorem
614 3033 651 3090 ad
664 3033 779 3109 plebem
800 3032 886 3091 mitti⁴
900 3031 1073 3092 Menenium
1087 3033 1192 3111 Agrip

213 3125 292 3183 pam,
308 3107 464 3176 facundum
488 3113 591 3186 virum,
606 3123 635 3171 et
660 3109 751 3190 (quod
775 3112 843 3171 inde
867 3111 1008 3171 oriundus
1023 3113 1098 3192 erat)
1112 3112 1192 3189 plebi

212 3205 323 3246 carum.
365 3189 405 3264 Is,
430 3191 611 3250 intromissus
637 3191 668 3250 in
696 3204 800 3260 castra,
824 3192 920 3268 prisco
944 3191 992 3251 illo
1016 3193 1135 3252 dicendi
1162 3201 1192 3250 et

176 3265 329 3330 ashorrido
342 3269 452 3342 modo,
485 3271 559 3329 nihil
592 3270 681 3344 aliud,
708 3272 795 3347 quam
822 3272 888 3340 hoc,
916 3271 1048 3331 narrasse
1082 3273 1190 3330 fertur:

213 3354 233 3384 “
246 3343 406 3420 Tempore,
421 3367 477 3424 quo
500 3350 532 3431 in
556 3348 674 3408 homine
698 3369 767 3425 uon,
792 3361 824 3408 ut
837 3368 929 3422 nuuc,
943 3352 1041 3410 omnia
1055 3352 1085 3410 ιιι
1100 3365 1194 3408 unum

212 3429 233 3457 “
246 3425 490 3497 consentiebaut3
512 3429 563 3486 sed
587 3429 710 3506 singulis
733 3429 871 3488 membris
894 3447 980 3488 suum
1004 3431 1109 3504 cuique
1123 3445 1193 3482 con·

214 3512 236 3540 ‘⁶
248 3502 355 3578 silium,
371 3524 440 3562 suus
463 3525 556 3566 sermo
580 3509 683 3582 fuerat,
698 3510 864 3587 indignatas
877 3508 1006 3584 reliquas
1016 3517 1122 3583 partes,
1138 3501 1192 3557 ⁵115

212 3587 233 3616 “
246 3585 328 3652 cura,
344 3603 397 3643 suo
410 3579 507 3644 labore
531 3605 566 3645 ac
590 3588 761 3662 ministerio,
775 3588 869 3646 ventri
882 3580 1101 3656 omnia'quaerir
1124 3595 1191 3636 vcn-

174 3696 202 3737 40
213 3671 235 3700 “
247 3672 333 3731 trem,
348 3663 380 3721 iu
394 3665 491 3723 medio
499 3667 639 3742 quietum,
653 3669 726 3726 nihil
747 3667 837 3738 aliud,
856 3664 943 3739 quim
956 3661 1031 3716 datis
1044 3656 1194 3730 voluptati·

213 3751 238 3780 ⁴⁶
246 3743 301 3800 bus
328 3743 403 3802 frui:
433 3745 615 3822 conspirisse
637 3747 717 3815 inde,
743 3764 781 3802 ne
805 3758 909 3800 manus
930 3739 967 3792 ad
980 3754 1013 3792 os
1026 3733 1125 3791 cibum
1139 3735 1194 3795 ler-

214 3831 321 3899 “renl,
346 3843 403 3885 nec
424 3844 459 3886 cs
485 3825 634 3903 acciperet
657 3826 768 3892 datum,
795 3835 852 3874 nec
876 3815 980 3867 dentes
1007 3811 1192 3868 conficerent.
