2556 4314
547 315 653 371 maan
668 280 712 364 vs
725 328 787 367 aas.
810 318 856 368 aa
1125 315 1179 398 121

542 399 552 427 t

206 457 262 537 qud
276 469 461 518 accesserant
474 459 511 517 ad
525 459 627 517 urbem
642 458 806 537 (mansuros
819 457 898 516 enim
911 458 948 516 ad
962 455 1069 516 Alliam
1082 457 1181 530 fluisse,
1261 477 1264 490 <

205 541 265 601 uisi
273 537 334 598 hoc
348 539 461 598 consilii
476 538 562 618 foret)
575 559 582 610 ;
597 539 703 596 deinde
717 539 771 597 sub
783 557 920 596 occasum
934 538 1010 605 solis,
1023 538 1091 613 quia
1103 538 1180 595 haud

206 620 332 676 multum
346 619 405 677 diei
419 629 576 694 supererat,
598 629 665 676 ante
686 629 803 688 noctem
816 617 871 676 rati
884 635 915 674 se
929 617 1077 675 invasuros
1090 637 1100 691 ·,
1119 627 1182 675 tum
1263 665 1264 674 ,

207 698 238 755 in
253 709 370 756 noctem
383 697 504 756 dilatum
519 697 671 756 consilium
686 716 759 771 esse,
771 696 827 773 qud
840 697 905 773 plus
914 696 1027 773 pavoris
1037 696 1183 754 inferrent.

183 777 356 835 ⁵Postremd
368 772 418 834 lux
432 777 662 854 appropinquans
675 777 857 834 exanimare:
879 776 1031 851 timorique
1048 785 1185 851 perpetuo

207 857 302 932 ipsum
315 856 423 914 malum
436 856 589 914 continens
603 855 666 928 fuit,
680 875 769 930 quum
783 857 868 931 signa
883 855 989 914 infesta
1008 855 1097 931 portis
1117 865 1185 912 sunt
1263 883 1264 886 ¹

206 935 314 1009 illatas
335 934 524 1010 Nequiquam
545 944 643 1002 tamen
667 938 702 990 ea
723 944 818 1002 nocte,
841 953 935 1010 neque
949 934 1113 1010 insequenti
1127 933 1185 1006 die,

206 1013 307 1070 similis
329 1013 378 1084 illi,
402 1033 466 1088 qua
490 1013 526 1071 ad
551 1013 661 1070 Alliam
674 1021 732 1070 tam
751 1013 854 1088 pavide*
868 1013 990 1089 fugerat,
1006 1013 1107 1071 civitas
1121 1012 1183 1070 fuit.

205 1091 283 1150 Nam
303 1111 391 1166 quum
413 1092 531 1150 defendi
553 1091 656 1153 urbem
675 1111 769 1168 posse,
794 1102 852 1149 tam
867 1093 954 1168 parva
968 1092 1183 1165 relictamann,

170 1193 195 1233 rc
206 1189 272 1247 spes
282 1171 361 1228 nulla
382 1181 468 1240 esset,
491 1171 609 1247 placuit,
631 1189 700 1228 curn
722 1171 894 1248 conjugibus
908 1190 943 1228 ac
956 1171 1064 1244 liberis,
1082 1171 1185 1247 juven·

205 1262 295 1309 tutem
309 1250 461 1309 militarem
486 1252 660 1326 senatusque
682 1251 768 1309 robur
790 1251 821 1308 in
838 1269 935 1308 arcem
950 1250 1184 1327 Capitoliumque

206 1331 366 1388 concedere
379 1349 387 1399 3
409 1329 552 1405 armisque
566 1339 596 1388 et
616 1329 761 1388 frumento
774 1330 896 1403 collatis,
910 1349 947 1388 ex
959 1330 1025 1388 loco
1038 1330 1107 1387 inde
1121 1348 1185 1388 mu·

206 1409 267 1467 nito
294 1409 373 1466 Deos
401 1409 590 1483 hominesque
616 1419 647 1466 et
673 1410 840 1467 Romanum
874 1429 981 1468 nomen
1003 1409 1183 1468 defendere:

206 1487 372 1546 Flaminem
393 1488 615 1562 sacerdotesque
635 1487 769 1545 Vestales
783 1507 865 1545 sacra
878 1487 995 1564 publica
1009 1507 1027 1545 a
1039 1489 1131 1557 caede,
1147 1489 1184 1546 ab

169 1591 195 1630 15
208 1567 352 1625 incendiis
373 1567 473 1642 procul
497 1566 609 1624 auferre
620 1585 630 1638 ;
658 1585 714 1625 nec
738 1567 804 1623 ante
823 1567 917 1624 deseri
938 1567 1049 1624 cultum
1072 1587 1183 1635 eorum,

207 1645 296 1720 quam
309 1664 369 1703 non
383 1656 576 1720 superessent,
590 1645 639 1722 qui
653 1645 790 1703 colerent.
832 1646 865 1703 Si
879 1663 930 1702 arx
943 1645 1184 1721 Capitoliumque,

207 1725 293 1781 sedes
307 1724 446 1792 Deorum,
461 1724 485 1782 si
500 1734 627 1793 senatus,
642 1733 730 1800 caput
749 1724 858 1800 publici
878 1724 1002 1797 consilii,
1017 1724 1041 1781 si
1054 1724 1186 1782 militaris

203 1803 341 1880 juventus
362 1803 536 1878 superfuerit
545 1800 722 1862 '.irnminenti
740 1803 832 1860 ruinae
853 1804 945 1876 urbis,
965 1802 1079 1861 facilem
1092 1805 1207 1880 jactu,

205 1901 267 1940 ram
291 1901 355 1940 esse
368 1881 536 1950 seniorum,
558 1881 669 1942 relicta
682 1883 712 1940 in
727 1883 798 1939 urbe
820 1883 917 1957 utique
931 1883 1064 1957 periturae
1078 1885 1185 1942 turbe:

167 1970 246 2034 stet,
261 1961 319 2036 qud
334 1961 364 2018 id
379 1961 502 2038 equium
527 1961 624 2019 animo
644 1963 681 2019 de
702 1962 787 2038 plebe
809 1963 963 2022 multitudo
984 1963 1080 2031 ferret,
1103 1982 1188 2022 senes

205 2041 393 2116 triumphales
414 2041 635 2116 consularesque
644 2041 742 2104 simul
767 2060 798 2099 se
823 2061 891 2102 cum
905 2041 962 2098 illis
974 2041 1070 2118 palam
1084 2042 1182 2101 dicere

51 2099 58 2110 ⁸
126 2167 130 2174 .
205 2119 354 2190 obituros3
375 2139 433 2177 nec
456 2119 501 2178 his
523 2121 700 2196 corporibus,
724 2121 828 2196 quibus
855 2141 917 2180 uon
932 2140 1011 2181 arma
1025 2122 1109 2190 ferre,
1124 2141 1184 2182 non

107 2203 114 2212 '
204 2199 280 2257 tueri
293 2199 414 2276 patriam
427 2211 553 2276 possent,
567 2209 735 2259 oneraturos
749 2200 876 2278 inopiam
891 2211 1073 2260 armatorum.

243 2357 310 2416 XL.
329 2357 404 2418 Haec
418 2359 494 2417 inter
518 2359 646 2421 seniores
667 2359 751 2418 morti
772 2359 931 2420 destinatos
943 2361 1058 2439 ⁸jactata
1071 2361 1181 2420 solatia.

166 2437 302 2499 ”Versa
315 2437 384 2495 inde
406 2438 620 2496 adhortationes
641 2440 678 2498 ad
701 2458 805 2514 agmen
824 2439 975 2515 juvenum,
999 2458 1069 2513 quos
1083 2440 1113 2498 in
1127 2441 1184 2498 Ca·

201 2517 333 2592 pitolium
348 2528 434 2592 atque
448 2517 479 2574 in
494 2536 591 2574 arcem
604 2519 862 2594 prosequebantur,
877 2519 1117 2576 commendantes
1131 2520 1184 2576 vir·

202 2598 256 2654 tuti
280 2616 380 2654 eorum
396 2596 580 2672 juventaeque
603 2597 682 2653 urbis
695 2615 746 2672 per
769 2606 915 2653 trecentos
929 2595 1080 2671 sexaginta
1093 2613 1184 2655 annos

201 2675 336 2733 omnibns
349 2676 433 2733 bellis
447 2675 585 2743 victricis,
599 2693 789 2751 quaecumque
804 2674 914 2750 reliqua
927 2684 1014 2747 esset,
1028 2674 1181 2734 fortunam.

202 2754 451 2831 Digredientibus,
466 2754 515 2830 qui
540 2773 620 2831 spem
644 2773 760 2813 omnem
785 2764 870 2830 atque
891 2773 975 2830 opem
996 2772 1095 2812 secum
1110 2755 1183 2815 fere·

166 2847 192 2886 ac
203 2835 282 2906 bant,
297 2835 392 2902 abiis,
406 2834 456 2909 qui
470 2844 562 2911 captae
574 2835 652 2892 urbis
666 2853 725 2892 non
740 2852 889 2910 superesse
904 2844 1062 2892 statuerant
1075 2836 1181 2908 exiti03

180 2931 292 2988 .quum
315 2913 378 2988 ipsa
400 2932 446 2970 res
466 2914 635 2990 speciesque
659 2913 831 2972 miserabilis
854 2925 925 2982 erat,
949 2923 1011 2972 tum
1031 2916 1181 2978 muliebris

203 2992 290 3049 fletus
303 3002 332 3049 et
340 2993 521 3051 concursatio
533 2994 654 3068 incerta,
669 3013 749 3051 nunc
759 2995 810 3052 hos
822 3011 902 3052 nunc
913 2993 977 3052 illos
987 2997 1180 3071 sequentium,

202 3070 444 3147 rogitantiumque
458 3073 533 3130 viros
546 3084 695 3149 natosque,
707 3073 755 3130 cui
765 3085 798 3132 se'
807 3073 866 3132 fato
879 3074 991 3148 darent,
1006 3075 1088 3150 nihil,
1103 3077 1186 3152 quod,

203 3150 338 3208 humanis
359 3163 521 3228 superesset
544 3153 638 3226 malis,
662 3153 870 3228 relinquebant.
920 3152 1031 3230 Magna
1052 3174 1117 3231 pars
1138 3166 1180 3213 ta-

165 3245 193 3286 ae
202 3249 383 3290 mensarum
397 3232 554 3290 inarcem
576 3251 643 3290 suos
665 3242 826 3308 prosecuta
840 3241 917 3306 sunt,
938 3253 994 3292 nec
1007 3235 1179 3311 prohibente

201 3309 269 3378 ullo,
285 3330 341 3367 nec
354 3321 495 3381 vocante3
518 3311 593 3384 quia,
618 3312 694 3386 quod
708 3311 778 3370 utile
801 3312 926 3370 obsessis
940 3313 976 3370 ad
991 3315 1181 3382 minuendam

201 3389 349 3446 imbellem
373 3389 598 3464 multitudinem,
616 3390 646 3448 id
669 3409 771 3466 parum
796 3391 954 3450 humanum
980 3402 1049 3450 erat.
1101 3392 1179 3462 Alia,

200 3466 329 3525 maxime
343 3467 446 3543 plebis,
461 3469 553 3541 turba,
577 3488 663 3545 quam
687 3489 744 3528 nec
758 3489 862 3546 capere
876 3473 1074 3546 tamexiguus
1088 3468 1179 3534 collis,

200 3565 260 3606 nec
275 3546 351 3604 alere
373 3547 403 3604 in
426 3547 507 3605 tanta
529 3547 627 3624 inopia
650 3549 787 3608 frumenti
806 3560 928 3626 poterat,
942 3567 979 3605 ex
992 3549 1063 3603 urbe
1078 3545 1179 3613 effusa,

164 3626 280 3684 tovelut
294 3625 410 3702 agmine
422 3626 481 3701 jam
496 3645 564 3701 uno,
578 3627 659 3703 petiit
673 3629 858 3687 feniculum:
874 3629 941 3685 inde
955 3642 1021 3698 pars
1033 3641 1085 3697 per
1097 3641 1181 3698 agros

199 3705 314 3781 dilapsi,
329 3724 395 3782 pars
409 3706 495 3764 urbes
517 3717 620 3783 petunt
640 3707 788 3778 finitimas,
802 3707 864 3762 sine
885 3703 944 3761 ullo
958 3701 1033 3756 duce
1047 3711 1098 3757 aut
1112 3719 1181 3760 con·

199 3803 298 3856 sensu,
310 3805 392 3845 suam
403 3785 522 3862 quisque
537 3806 628 3864 spem,
643 3805 696 3922 qqa
720 3777 852 3854 consilia,
864 3777 1069 3838 communibus
1083 3781 1181 3857 deplo-
