2520 4310
434 409 439 417 ·
466 331 573 396 LIBER
588 338 676 388 XXII.
693 352 757 390 car.
773 353 838 391 arrr.
1083 337 1142 400 Μ
1175 373 1182 386 .

168 481 304 541 Romana
316 480 444 540 trecenis
456 481 584 540 nummis
603 481 791 562 quadrigalis,
806 480 837 538 in
859 479 952 539 socios
964 479 1095 554 ducenis,
1108 481 1141 541 ia

167 579 263 620 servos
286 561 428 629 centenis,
451 571 481 618 ot
503 572 545 629 ut,
568 579 605 618 eo
629 563 721 637 pretio
745 560 899 636 persoluto,
921 579 989 618 cum
1020 561 1141 637 singulis¹
1242 551 1243 570 ³

167 641 281 698 abirent
294 637 480 713 vestimentis,
504 640 535 698 in
549 651 644 698 castra
667 641 763 698 hostes
777 650 969 715 acceperunt;
990 640 1141 714 traditique
1162 699 1176 720 ,

168 718 199 776 in
213 720 373 777 custodiam
387 738 487 777 omnes
500 730 577 796 sunt,
598 738 725 803 ΨΜ
741 719 819 776 cives
832 719 969 793 sociique.
1010 717 1089 774 Dum
1102 717 1143 776 ibi

144 804 281 874 ⁵ternpus
294 799 404 872 teritur,
428 799 538 857 interea
559 818 649 873 quum
673 817 709 856 ex
732 798 887 874 majoribus
908 796 1019 869 castris,
1040 797 1143 872 quibus

169 877 239 935 satis
261 878 363 936 virium
387 888 436 960 aut
459 878 549 936 animi
571 878 634 945 fuit,
649 879 684 934 ad
709 888 829 953 quatuor
848 877 938 934 millia
952 875 1101 933 hominum
1114 884 1144 932 et

169 955 288 1014 ducenti
311 957 431 1032 equites,
447 957 494 1014 alii
516 957 642 1032 agmine,
664 957 711 1013 alii
734 947 821 1031 palati
844 956 952 1030 passim
975 973 1026 1030 per
1050 973 1143 1031 agros,

169 1036 244 1110 quod
259 1036 336 1092 haud
350 1036 444 1108 minus
458 1046 550 1092 tutum
565 1047 636 1108 erat,
657 1035 818 1093 CanusIum
833 1034 1035 1110 perfugissent,
1050 1044 1145 1091 castra

167 1112 230 1187 ipsa
243 1114 280 1170 ab
293 1114 400 1171 sauciis
413 1114 576 1189 timidisque
594 1115 698 1171 eadem
713 1113 890 1180 conditione,
905 1113 962 1188 qud
977 1113 1075 1185 altera,
1090 1121 1147 1170 tra·

135 1199 160 1242 1⁰
167 1191 227 1249 dita
240 1193 323 1250 hosti.
366 1193 467 1250 Praeda
480 1193 585 1270 ingens
605 1203 687 1268 parta
699 1203 763 1250 est:
784 1203 823 1265 et,
837 1199 940 1268 praeter
954 1210 1042 1266 equos
1056 1191 1144 1249 viros·

159 1290 232 1347 que,
247 1281 276 1329 et
289 1272 313 1329 si
328 1272 397 1347 quid
421 1272 532 1348 argenti
548 1271 636 1346 (quod
651 1272 807 1347 plurimum
821 1273 852 1329 in
866 1271 991 1346 phaleris
1004 1287 1144 1345 equorum

166 1362 247 1419 erat3
268 1369 336 1407 narn
351 1351 386 1406 ad
401 1351 577 1408 vescendum
592 1351 668 1408 facto
681 1351 847 1427 perexiguo,
863 1351 903 1408 uti
925 1369 961 1407 ue
975 1350 1143 1417 militantes,
1222 1383 1227 1392 ·

168 1428 348 1508 utebantur),
362 1429 457 1503 omnis
478 1429 583 1485 caltera
602 1430 700 1503 prada
714 1370 956 1504 diripienda'dbta
969 1439 1022 1487 est.
1064 1427 1145 1486 Turn
1206 1428 1215 1433 “

168 1507 329 1582 sepeliendi
351 1507 441 1564 caussa
464 1507 588 1564 conferri
613 1507 642 1564 in
668 1527 757 1564 unum
781 1526 900 1582 corpora
913 1527 1030 1565 suorum
1049 1507 1144 1584 jussit.

136 1586 217 1643 rsAd
233 1597 300 1645 octo
314 1586 404 1643 millia
415 1585 506 1660 ¹fuisse
520 1586 655 1642 dicuntur
670 1585 886 1643 fortissimorum
901 1586 1034 1643 virorum.
1069 1586 1147 1643 Con·

168 1666 262 1723 sulem
276 1684 390 1740 quoque
414 1665 581 1722 Romanum
596 1664 790 1739 conquisitum
804 1659 1014 1738 s'epultumque,
1028 1663 1146 1736 quidam

168 1754 302 1802 auctores
324 1754 400 1802 sunt.
457 1744 523 1811 Eos,
551 1745 600 1818 qui
635 1743 795 1800 Canusium
824 1741 1019 1817 perfugerant,
1044 1741 1147 1799 mulier

167 1824 276 1899 Apula,
292 1821 409 1882 no'mine
423 1822 511 1894 Busa,
526 1840 633 1897 genere
653 1822 733 1878 clara
746 1840 781 1878 ac
795 1820 912 1887 divitiis,
927 1819 1072 1876 moenibus
1085 1829 1146 1877 tan-

166 1900 230 1960 tdm
245 1903 385 1977 tectisque
399 1921 417 1958 a
436 1901 593 1959 Canusinis
612 1910 757 1974 acceptos,
772 1899 926 1969 frumento,
941 1909 1030 1970 veste,
1042 1898 1146 1956 viatico

131 1998 158 2039 m
167 1981 257 2039 etiam
269 1981 360 2057 juvit3
381 2000 433 2056 pro
456 1982 513 2055 qua
534 1979 561 2035 ei
581 1978 782 2036 munificentia
794 1988 904 2058 postea,
918 1976 993 2035 bello
1006 1977 1145 2058 perfecto,

169 2060 205 2117 ab
220 2071 324 2118 senatu
338 2061 460 2119 bonores
475 2057 564 2116 habiti
578 2067 655 2114 sunt.

207 2220 294 2278 LIII.
316 2221 471 2294 Caeterdm,
497 2241 585 2297 quum
613 2218 654 2280 ibi
680 2219 788 2280 tribuni
815 2219 939 2281 militurn
960 2232 1080 2299 quatuor
1103 2241 1148 2282 es·

166 2311 244 2370 sent,
259 2301 367 2358 Fabios
391 2301 539 2358 Maximus
553 2304 599 2359 dc'
615 2302 729 2377 legione
753 2303 857 2377 prima,
881 2303 966 2378 cujus
984 2303 1072 2378 pater¹
1087 2303 1145 2379 pri·

167 2385 218 2435 bre
234 2397 311 2436 anno
324 2379 444 2436 dictator
450 2380 561 2448 iuerat,
575 2390 604 2436 et
617 2381 654 2436 de
669 2381 782 2454 legione
803 2382 932 2438 secunda
946 2382 980 2438 L.
996 2382 1145 2440 Publicius

61 2457 66 2472 '
131 2455 294 2514 a⁵Bibqus
321 2467 350 2512 et
374 2457 405 2512 P.
434 2457 587 2512 Cornelius
611 2458 719 2530 Scipio,
738 2468 768 2514 et
791 2458 827 2514 dc
849 2460 964 2534 legione
988 2461 1073 2517 tertia
1087 2460 1145 2536 Ap.

170 2534 313 2592 Claudius
337 2534 472 2606 Pulcher,
494 2535 541 2608 qui
555 2535 682 2609 proxime
698 2535 788 2591 aedilis
802 2536 914 2604 suerat3
935 2537 1064 2594 omniurn
1077 2557 1147 2594 con·

141 2641 152 2648 -
169 2632 260 2671 sensu
275 2614 311 2669 ad
330 2613 362 2670 P.
379 2609 555 2688 Scipionem,
577 2613 732 2669 admodum
757 2613 979 2678 adolescentem,
994 2624 1023 2670 et
1037 2614 1073 2670 ad
1088 2615 1145 2690 Ap.

151 2701 153 2706 '
168 2693 338 2765 Claudium,
353 2711 466 2749 summa
480 2692 591 2767 imperii
605 2691 700 2748 delata
714 2701 774 2747 est:
789 2692 892 2764 quibus
916 2691 1145 2750 consultantibus
1176 2694 1182 2707 ‘

169 2772 246 2830 inter
267 2791 374 2848 paucos
397 2772 440 2827 de·
458 2772 571 2828 summa
594 2789 690 2826 rerum
714 2770 829 2826 nuntiat
855 2770 888 2827 P.
909 2769 1016 2827 Furius
1037 2771 1145 2845 Philus,

133 2852 330 2914 reconsularis
344 2851 395 2920 viri
409 2849 493 2920 filius,
516 2849 752 2923 “Nequidquam
776 2867 825 2906 ecs
848 2849 989 2926 perditam
1010 2869 1090 2925 spem
1105 2852 1147 2910 so-

171 2939 286 2986 “vere:
322 2930 501 3004 desperatam
528 2927 789 3004 comploratamque
811 2947 871 2984 rem
898 2946 961 2985 esse
988 2930 1143 3004 publicam.

171 3007 325 3066 “Nobiles
342 3008 464 3083 juvenes
485 3005 644 3082 quosdam}
657 3025 777 3082 quorum
800 3006 960 3082 principem
984 3007 1018 3065 L.
1032 3009 1147 3068 Caecili·

172 3097 191 3124 ‘⁴
204 3106 259 3144 um·
268 3086 429 3158 Metellum,
443 3105 522 3143 mare
546 3105 582 3143 ac
603 3105 691 3142 naves
709 3105 723 3142 s
743 3096 850 3154 entare,
865 3097 906 3160 ut,
921 3087 1035 3146 deserta
1049 3089 1144 3162 Italid,

169 3167 237 3222 “ad
251 3185 347 3242 regern
372 3166 495 3240 aliquem
518 3165 718 3240 transfugiant.
749 3153 870 3226 ”Quod
893 3165 1011 3233 malum,
1032 3179 1149 3243 preter·

134 3263 256 3320 aequam
270 3256 350 3302 atrox
363 3264 448 3320 super
462 3254 505 3301 tot
518 3244 625 3310 clades,
647 3244 734 3300 etiarn
748 3263 862 3314 novum,
877 3263 965 3319 quum
979 3255 1093 3320 stupore
1108 3263 1144 3302 ac

170 3323 310 3380 miraculo
333 3324 459 3398 torpidos
481 3322 637 3394 defixisset,
657 3333 695 3390 et,
717 3323 766 3397 qui
787 3324 915 3394 aderant,
930 3323 1083 3380 consilium
1097 3324 1157 3383 ad·.

173 3400 333 3458 vocandum
357 3401 394 3458 de
415 3419 451 3457 eo
464 3411 637 3469 censerent;
659 3414 747 3476 negat
760 3401 873 3458 consilii
893 3420 954 3458 rem
968 3418 1031 3457 esse
1046 3400 1146 3474 Scipio
1245 3407 1246 3410 ’

168 3477 296 3554 juvenis,
310 3477 404 3533 fatalis
417 3478 477 3533 dux
490 3477 611 3553 hujusce
626 3479 701 3536 belh.
736 3488 755 3516 ‘⁴
767 3480 944 3538 Audendum
958 3489 1043 3551 atque
1057 3495 1147 3552 agen-

172 3560 193 3596 ‘·‘
204 3556 285 3621 dum,
295 3574 355 3612 non
369 3555 621 3628 consultandum,”
636 3557 685 3622 ait,
700 3561 719 3590 “
728 3557 758 3618 in
767 3567 847 3614 tanto
860 3557 935 3618 malo
949 3572 1021 3610 esse.
1062 3555 1145 3616 Irent

134 3657 162 3699 ω
173 3637 193 3668 “
204 3651 305 3692 secum
318 3633 462 3708 extemplo
482 3634 594 3706 armati,
617 3635 665 3709 qui
680 3635 888 3709 rempublicam
901 3631 1006 3689 salrarn
1018 3632 1146 3694 vellentt

173 3715 347 3788 “nusquam
361 3710 464 3780 veritis,
477 3712 564 3787 quam
580 3713 630 3771 ubi
644 3731 680 3771 ea
706 3712 879 3788 cogitentur,
900 3708 1024 3766 hostium
1051 3721 1148 3774 castra

172 3798 193 3830 a
204 3791 299 3853 emo
340 3791 439 3870 Pergit
460 3790 714 3928 ire,lsequentibus
732 3789 846 3867 paucis,
866 3787 899 3847 ln
911 3786 1066 3870 hospitium
1080 3789 1147 3852 Me-
