2556 4314
130 351 187 410 106
527 335 598 401 riti
614 350 702 401 mvn
770 335 774 345 '

126 491 222 568 itaque
236 493 267 551 in
281 492 374 569 majus
396 494 484 552 etiarn
507 493 646 568 acceptis,
660 502 692 550 ut
706 493 781 550 inter
794 483 1002 569 strepitumffot
1016 497 1106 556 bello·

126 589 192 630 rum
205 571 437 630 conticescerent
448 572 577 630 actiones
588 572 762 640 tribunioiae‚
774 572 906 630 delectus
919 574 1029 644 haberi,
1045 577 1106 634 bel·

127 650 188 708 lum
209 669 344 726 armaque
366 651 394 708 vi
416 652 530 709 summi
553 651 684 727 apparari
703 651 816 728 jubent,
841 652 865 709 si
889 651 946 728 qud
966 653 1106 714 intentius

127 729 225 806 possit,
247 731 333 805 quim
358 730 408 808 Ψ.Ι
421 730 546 793 Quintio
560 729 680 789 consule
704 740 871 806 apparatum
885 731 932 788 sit.
973 732 1056 791 Tum
1069 734 1105 790 C.

127 807 287 886 Canulejus
307 828 402 886 pauca
425 810 456 868 in
470 819 572 868 senatu
586 809 767 882 vociferatus,
783 810 1011 886 “nequidquam
1026 813 1105 870 terri·
1130 826 1144 864 ⁵

128 891 146 919 “
158 888 247 946 tando
260 889 394 946 consules
418 899 546 947 avertere
569 889 685 965 plebem
708 908 727 946 a
747 888 822 946 curri·
832 907 971 948 novarum
985 891 1104 966 legum3

129 975 305 1043 “nunquam
327 986 378 1025 eos
401 987 433 1025 se
457 969 521 1026 vivo
539 968 684 1025 delectum
708 967 866 1036 habituros,
888 979 1045 1044 antequam
1059 989 1104 1038 ea,

51 1055 56 1064 ’
128 1054 147 1082 “
158 1064 222 1121 quae
243 1046 428 1123 promulgata
436 1047 472 1104 ab
496 1065 527 1104 se
551 1046 727 1122 collegisque
754 1057 862 1120 essent,
883 1047 981 1123 plebes
1006 1048 1105 1106 scivis-

128 1132 148 1160 “
157 1134 219 1194 set3
233 1125 252 1152 ”
271 1135 301 1183 et
313 1125 468 1186 confestim
482 1126 519 1183 ad
533 1125 705 1184 concionem
720 1126 922 1246 advocatias

57 1315 61 1323 -
167 1280 207 1339 11.
229 1282 341 1340 Eodem
363 1293 491 1358 tempore
514 1292 544 1340 et
561 1280 697 1344 consules
710 1293 844 1340 senatum
857 1284 889 1340 in
901 1283 1060 1352 tribunum,
1075 1295 1105 1342 et
1117 1301 1144 1339 ιο

126 1359 259 1418 tribunus
271 1361 409 1437 populum
432 1361 463 1418 in
484 1359 619 1418 consules
640 1358 788 1416 incitabat.
830 1360 987 1437 Negabant
1000 1382 1105 1420 consu·

126 1439 178 1507 les,
204 1440 289 1515 “jam
304 1439 377 1497 ultra
399 1439 469 1508 ferri,
478 1457 562 1515 posse
576 1438 686 1495 furores
699 1437 889 1496 tribunicios:
912 1450 1029 1498 ventum
1042 1442 1102 1518 jam

128 1517 297 1576 “adfinem
318 1537 400 1587 esse3
422 1518 500 1576 domi
513 1517 577 1594 plus
597 1515 672 1592 belliq
680 1516 831 1585 concitari,
845 1515 933 1593 qudm
948 1519 1027 1578 foris.
1068 1521 1104 1578 Id

128 1605 147 1633 “
160 1595 232 1656 aded
253 1617 311 1656 nou
335 1597 427 1676 plebis
450 1597 536 1672 quim
560 1595 689 1665 Petrum,
709 1614 802 1672 neque
816 1597 998 1658 tribunorum
1012 1598 1104 1676 magis

127 1674 241 1751 “quim
265 1677 427 1745 consulum,
449 1676 536 1752 culpa
557 1675 711 1734 accidere:
743 1675 827 1752 cujus
847 1677 890 1736 rei
904 1679 1055 1753 praemium
1068 1678 1143 1736 sitis

128 1753 187 1812 “in
209 1755 336 1825 civitate,
357 1775 423 1814 eam
447 1755 580 1814 maximis
598 1773 711 1831 semper
732 1755 867 1815 auctibus
887 1775 1039 1816 creseere:
1061 1757 1105 1816 sic

126 1844 146 1872 ‘⁶
159 1853 232 1910 pace
257 1835 358 1909 bonos,
372 1835 415 1893 sio
436 1835 512 1893 bello
535 1834 606 1893 fieri.
648 1833 810 1908 Maximum
834 1836 937 1894 Romae
951 1837 1105 1912 praemium

126 1915 331 1972 “seditionum
344 1933 409 1972 esse
423 1934 430 1971 z
451 1914 481 1971 id
495 1924 524 1972 et
540 1914 661 1991 singulis
674 1914 872 1989 universisque
886 1931 999 1990 semper
1013 1916 1105 1978 hono-

127 1992 183 2049 “ri
207 1992 304 2050 fuisse.
360 1991 643 2062 Remiuisoerentur,
670 2013 757 2070 quam
780 1994 960 2071 majestatem
987 1995 1104 2054 senatus

127 2069 212 2146 “ipsi
231 2089 248 2128 a
261 2071 389 2148 patribus
406 2071 603 2149 accepissent,
617 2091 704 2148 quam
727 2068 825 2131 liberis
838 2074 972 2132 tradituri
985 2083 1083 2135 essent
1095 2093 1104 2144 ς
1114 2088 1143 2128 so

127 2157 146 2186 ‘⁸
158 2158 190 2207 ut
202 2147 458 2227 (quemadmodum
471 2151 553 2228 plebs
566 2152 681 2229 gloriari
692 2153 974 2232 posset)'auotiorem
988 2153 1106 2229 amplio-

126 2229 274 2303 “remque
288 2247 361 2288 esse.
401 2227 509 2289 Finem
526 2249 596 2308 ergo
609 2250 669 2290 non
689 2230 762 2301 fieri,
777 2249 833 2292 neo
847 2233 983 2300 futurem,
998 2234 1104 2306 donee,

127 2305 243 2383 “quam
257 2308 357 2367 felices
377 2310 543 2379 seditiones,
564 2321 625 2369 tam
638 2311 770 2372 honorati
783 2312 957 2371 seditionum
972 2321 1105 2370 auctores

126 2389 145 2418 “
157 2397 261 2445 essent.
302 2387 387 2452 Quas
400 2399 577 2466 quantasque
597 2409 643 2448 res
657 2390 691 2449 Ο.
717 2389 891 2468 Canulejum
911 2391 1104 2469 aggressum?

127 2474 146 2503 “
158 2466 350 2525 colluvionem
362 2469 502 2545 gentium,
511 2469 757 2546 perturbationem
772 2472 966 2546 auspiciorum
976 2470 1142 2546 publico-2⁵

126 2552 221 2604 “rum
234 2547 464 2624 privatorumque
479 2548 590 2622 afferre,
605 2567 643 2608 ne
657 2549 726 2624 quid
737 2549 854 2618 sinceri,
869 2569 907 2607 ue
921 2550 989 2624 quid
1004 2549 1106 2607 incon·

126 2626 285 2684 “taminati
297 2627 352 2685 sit:
367 2638 409 2702 ut,
423 2611 591 2686 disciifnine
604 2629 684 2688 omni
697 2628 819 2702 sublato,
828 2648 885 2686 nec
899 2648 930 2686 se
945 2628 1104 2704 quisquam,

127 2711 212 2763 “nec
233 2725 300 2765 suos
321 2707 440 2766 noverit.
481 2707 582 2770 Quam
606 2707 686 2766 enim
711 2707 796 2766 aliam
811 2709 869 2766 vim
883 2707 1030 2766 connubia
1039 2727 1132 2783 pro,

126 2787 145 2815 ‘⁸
156 2785 268 2842 miscua
289 2787 406 2860 habere,
420 2787 476 2844 nisi
487 2836 491 2857 ,.
501 2797 533 2845 ut
557 2788 682 2846 ferarum
695 2785 785 2864 prope
799 2787 857 2845 ritu
870 2787 1022 2862 vulgentur
1036 2805 1106 2844 oon-

126 2862 271 2920 “cubitus
292 2864 385 2940 plebis
406 2865 604 2942 Patremque?
624 2876 666 2935 ut,
681 2867 730 2942 qui
755 2877 841 2924 uatus
854 2867 900 2934 sit,
915 2866 1037 2942 ignoret,
1052 2883 1106 2923 eu·
1115 2878 1142 2920 ³0

126 2939 202 3016 “jus
216 2943 375 3019 sanguinis,
398 2963 519 3020 quorum
534 2963 681 3012 sacrorum
696 2945 751 3015 sit3
773 2945 910 3022 dimidius
925 2945 1042 3002 Petrum
1056 2945 1104 3012 sit,

127 3018 292 3078 “dimidius
313 3023 415 3098 plebis,
430 3042 468 3081 ne
492 3043 592 3083 secum
616 3025 733 3100 quidem
749 3025 811 3101 ipse
825 3044 957 3083 concors.
998 3023 1106 3082 Parum

126 3097 188 3154 “id
203 3099 303 3172 videri,
317 3100 394 3176 qudd
415 3102 513 3162 omnia
536 3103 634 3160 divina
658 3105 842 3179 humanaque
857 3104 1026 3162 turbentur:
1045 3103 1107 3178 jam

126 3181 145 3210 “
157 3177 194 3234 ad
208 3178 390 3238 consulatum
404 3180 482 3257 vulgi
497 3181 657 3240 turbatores
671 3183 806 3259 accingi3
827 3193 857 3240 et
870 3181 973 3257 prime,
988 3192 1021 3239 ut
1035 3183 1106 3238 alter

60 3313 62 3316 .
127 3265 146 3294 “
158 3257 259 3316 consul
273 3277 310 3315 ex
323 3259 408 3335 plebe
419 3258 509 3328 fieret,
522 3259 552 3318 id
566 3261 652 3320 modo
663 3262 846 3320 sermonibus
856 3261 1003 3318 tentasse:
1024 3279 1107 3318 nunc
1116 3273 1143 3314 ³⁵

128 3345 147 3374 “
159 3337 264 3413 rogari,
278 3346 319 3406 ut,
335 3357 387 3396 seu
411 3356 448 3397 ex
472 3338 615 3408 Patribus,
641 3357 692 3398 seu
714 3341 857 3417 ex'plebe
878 3339 956 3413 velit,
983 3339 1107 3415 populus

127 3420 146 3448 ‘⁸
157 3415 292 3476 consules
316 3428 411 3476 creet:
433 3429 462 3493 et
476 3429 623 3476 creaturos
647 3420 725 3477 haud
739 3419 827 3478 dubie
841 3438 879 3476 ex
894 3419 978 3494 plebe
992 3418 1108 3492 seditio-

126 3500 146 3529 “
157 3495 303 3555 sissimum
325 3516 475 3573 quemque.
518 3497 675 3575 Canulejos
700 3499 788 3576 igitur
803 3499 960 3574 Iciliosque
972 3495 1108 3556 consules

127 3575 228 3635 “fore.
279 3573 328 3635 Ne
353 3577 383 3634 id
407 3577 520 3654 Jupitei
543 3577 680 3656 Optimus
703 3578 851 3637 Maximus
879 3578 998 3652 sineret,
1019 3577 1107 3652 regiae

124 3659 147 3688 ‘⁸‘
157 3654 316 3735 majestatis
336 3655 490 3732 imperium
511 3657 546 3717 ed
561 3657 708 3717 recidere:
729 3668 759 3718 et
780 3677 811 3717 se
835 3657 942 3716 millies
956 3656 1145 3716 moriturosro

127 3737 147 3767 “
158 3735 261 3812 potiris,
276 3735 364 3812 qudm
378 3745 409 3794 ut
423 3746 534 3795 tantum
549 3735 701 3794 dedecoris
715 3737 827 3798 admitti
840 3739 996 3813 patiantur.
1037 3734 1109 3792 Cer·

132 3821 223 3874 “tum
237 3815 354 3891 habere,
375 3814 498 3893 majores
521 3817 644 3891 quoque,
659 3814 683 3873 si
705 3816 893 3894 divinissent,
918 3813 1111 3880 concedendo
