2556 4314
539 341 647 393 LIBER
662 339 742 413 XXI.¹
752 353 816 391 car.
833 355 877 390 xa.
1140 335 1199 398 lffl

215 486 282 567 jugi
296 483 369 563 ejus,
383 485 490 544 nbrunt
501 503 609 544 ¹nornen
623 485 766 553 inditum3
786 483 837 540 sed
852 481 889 540 ab
896 501 946 551 eo,
964 501 1061 558 quem,
1076 481 1107 541 in
1121 498 1198 542 acm-

219 585 270 626 mo
279 577 429 625 sacratum
443 566 559 638 vertice,
574 565 719 644 Petrinum
733 563 863 622 montani
878 563 1029 640 appellant

225 776 228 781 .
262 723 413 792 XXXIX.
447 722 662 800 Peropportune*
688 721 725 779 ad
748 721 892 798 principia
915 737 1022 791 rerum,
1049 718 1197 788 Taurinis,

220 805 359 880 proxima
374 804 462 887 genti,
478 805 614 861 adversus
635 802 782 859 Insubres·
794 813 904 858 motum
925 801 1033 858 bellum
1047 809 1127 857 aratz
1147 797 1199 855 sed

153 882 157 888 ’
196 894 335 941 ⁵armare
357 884 519 953 exercitum
540 882 700 948 Hannibal,
722 891 755 939 ut
777 881 851 956 parti
873 880 954 937 alteri
981 879 1088 937 auxilio
1114 886 1199 951 esset,

212 962 268 1040 ’(ἰῐι
282 964 440 1020 reficiendo
454 960 579 1020 maxime
600 962 773 1018 sentientem
788 970 939 1017 contracta
954 958 1022 1016 ante
1037 958 1126 1037 mala)
1141 965 1200 1018 nou
1220 987 1222 994 v

216 1051 345 1117 poterat:
366 1043 456 1100 otium
471 1041 579 1098 etenim
604 1059 641 1097 ex
655 1039 762 1112 labore,
777 1039 864 1113 copia
882 1057 919 1119 ex
933 1038 1040 1114 inopia,
1055 1038 1151 1095 cultus
1164 1053 1200 1094 ex

218 1119 317 1178 illuvie
331 1122 464 1195 tabeque,
480 1120 615 1196 squalida
632 1129 661 1176 et
680 1119 767 1194 prope
782 1119 900 1175 efferata
915 1136 1035 1193 corpora
1049 1118 1126 1174 varie
1141 1135 1200 1174 mo·

217 1200 332 1260 rebant.
375 1201 420 1257 Ea
435 1201 466 1256 P.
481 1198 618 1257 Cornelio
632 1199 744 1255 consuli
767 1216 856 1254 causa
871 1197 934 1270 suit,
950 1191 1040 1272 quum
1055 1196 1137 1253 Pisas
1150 1211 1201 1254 na·

179 1287 207 1328 10
218 1278 302 1336 vibus
315 1280 451 1352 venisset,
465 1279 595 1336 exercitu
617 1297 634 1334 a
655 1278 768 1334 Manlio
791 1277 939 1353 Atilioque
961 1286 1082 1352 accepto
1095 1275 1199 1352 tirone,

218 1367 250 1414 et
264 1358 295 1415 iu
308 1359 390 1416 novis
405 1359 571 1434 ignominiis
584 1357 706 1433 trepido,
721 1357 757 1414 ad
772 1355 883 1413 Padum
900 1356 1074 1425 festinandi3
1087 1365 1118 1412 ut
1131 1371 1201 1412 cum

221 1437 306 1495 hoste
320 1439 450 1494 nondum
474 1438 583 1496 relecto
604 1447 723 1504 manum
745 1447 917 1493 consereret.
960 1437 1019 1494 Sed
1034 1453 1122 1510 quum
1138 1435 1201 1492 Pla·

220 1516 351 1583 centiam
372 1515 586 1583 consuluerit,
609 1516 668 1590 jam
681 1533 728 1572 ‘ex
749 1516 860 1572 stativis
882 1526 1008 1572 moverat
1030 1513 1199 1585 Hannibal}

221 1594 478 1670 Taurinorumque
492 1613 580 1652 unam
595 1595 708 1661 urbem,
722 1605 809 1668 caput
822 1594 916 1669 gentis
930 1594 1002 1669 ejus,
1017 1594 1084 1668 quia
1105 1594 1202 1652 volen-

183 1688 212 1728 15
221 1674 260 1731 tis
275 1675 304 1731 iu
319 1675 476 1732 amicitiam
490 1693 548 1731 non
558 1673 728 1740 ,veniebant
743 1673 770 1746 vi
784 1673 983 1747 expugnarat:
1003 1673 1201 1748 junxissetque

219 1753 288 1825 sibi,
303 1774 362 1811 nou
378 1765 457 1812 metu
480 1753 582 1826 solum,
604 1753 655 1809 sed
679 1753 766 1810 etiam
789 1752 946 1823 voluntate,
968 1752 1067 1809 Gallos
1087 1752 1202 1811 accolas

219 1831 314 1902 Padi3
336 1833 367 1889 ui
392 1853 451 1905 eos,
472 1828 749 1908 circumspectantes
772 1828 944 1888 defectionis
965 1841 1088 1906 tempusa,
1107 1827 1202 1888 subitd

145 1945 149 1951 ·
216 1911 362 1970 adventus
376 1913 504 1970 consulis
517 1913 712 1988 oppressisset.
755 1911 792 1968 Et
807 1911 955 1968 Hannibal
970 1912 1059 1968 movit
1069 1923 1107 1968 'ex
1121 1910 1201 1968 Tau-

217 1991 302 2063 rinis,
327 1991 464 2058 incertos,
483 2011 548 2066 quae
571 2010 637 2067 pars
658 1991 805 2068 sequenda
818 2001 903 2062 esset,
918 1990 1016 2048 Gallos
1029 2000 1201 2065 praesentem

181 2083 252 2127 sose
268 2081 416 2128 secuturos
440 2081 527 2128 ratus.
568 2069 635 2127 lam
658 2069 746 2144 prope
771 2070 802 2127 in
816 2081 975 2145 conspectu
989 2080 1071 2128 erant
1091 2069 1201 2127 exerci-

218 2158 276 2221 tus
291 2162 542 2224 convenerantque
557 2150 657 2216 ducac,
669 2149 756 2214 sicuti
772 2149 845 2208 inter
856 2168 887 2206 se
900 2149 1031 2208 nondum
1045 2149 1115 2206 satis
1128 2148 1207 2233 notia

216 2227 260 2284 ita
271 2228 331 2304 jam
346 2229 474 2286 imbutus
488 2241 607 2304 uterque
621 2229 747 2304 quadam
762 2228 951 2286 admiratione
966 2228 1092 2285 alterius.
1120 2227 1200 2284 Nam

217 2305 397 2364 Hannibalis
417 2320 447 2365 et
461 2309 537 2383 apud
551 2309 711 2380 Romanosa
724 2308 782 2383 jam
805 2318 873 2364 ante
888 2308 1011 2383 Sagunti
1026 2307 1199 2379 exscidium,

218 2383 441 2442 celeberrimum
464 2405 572 2442 nomeu
582 2397 663 2443 erat:
685 2397 715 2442 et
729 2386 898 2460 Scipionem
913 2386 1062 2443 Hannibal
1073 2405 1112 2443 'eo
1126 2385 1199 2462 ipso,

183 2459 297 2536 equod
321 2463 458 2518 adversus
481 2483 512 2519 se
536 2465 595 2526 dux
608 2463 795 2537 potissimdm‘
809 2465 901 2520 lectus
915 2475 1000 2530 esset,
1015 2474 1200 2540 praestantem

128 2543 130 2548 '
220 2539 315 2597 virum
339 2540 498 2597 credebat:
527 2551 557 2596 et
581 2551 719 2596 auxerant
740 2540 814 2596 inter
837 2559 867 2598 se
888 2543 1064 2616 opinionem,
1090 2542 1199 2618 Scipio,

219 2617 308 2694 quod,
321 2620 439 2676 relictus
463 2619 494 2675 in
508 2619 613 2690 Gallis,
627 2618 728 2675 obvius
742 2619 835 2675 fuerat
848 2619 878 2676 in
893 2620 1006 2676 Italiam
1021 2629 1199 2694 transgresso

220 2697 399 2768 Hannibali}
421 2698 580 2766 Hannibal,
601 2707 632 2754 et
645 2708 751 2754 conatu
772 2707 831 2755 tam
846 2698 950 2754 audaci
965 2697 1198 2775 trajiciendarum

130 2842 137 2854 ,1
220 2775 351 2853 Alpium,
366 2787 396 2835 et
418 2779 536 2835 effectu.
565 2776 742 2853 -Occupavit
765 2787 862 2834 tamen
885 2777 984 2854 Scipio
999 2777 1109 2835 Padum
1123 2778 1200 2856 traji-

129 2861 139 2874 “
182 2869 210 2912 aa
219 2876 304 2916 cere:
326 2867 364 2929 et,
379 2858 417 2914 ad
430 2855 572 2916 Ticinum
586 2875 702 2916 amnem
716 2857 800 2916 motis
815 2857 926 2925 castriS,
937 2858 1017 2934 priris
1030 2859 1115 2932 quam
1129 2859 1199 2916 edu·

173 2950 182 2967 ⁰
219 2947 300 2994 ceret
314 2937 344 2993 in
359 2937 463 3010 aciem,
487 2938 731 2996 adhortandorum
749 2935 873 2996 militum
886 2937 985 3012 causa,
999 2937 1085 3012 talem
1096 2937 1200 2998 oratio·

219 3033 289 3074 nem
303 3035 421 3076 exorsus
434 3026 497 3074 est:
840 3029 846 3040 “

199 3181 203 3190 ’
258 3173 324 3232 XL.
347 3174 408 3232 “Si
432 3193 500 3232 eum
522 3174 693 3242 exercitum,
715 3174 831 3243 milites,
853 3175 1009 3234 educerem
1037 3179 1067 3235 ln
1094 3177 1187 3236 aciem

220 3263 338 3329 “quern
362 3255 503 3312 inGallirt
526 3273 642 3330 mecum
665 3255 763 3320 habui,
784 3257 1009 3332 supersedissem
1032 3257 1108 3332 loqui
1122 3222 1199 3332 apud

184 3336 321 3389 ³t“vos:
352 3334 422 3406 quid
445 3334 525 3390 enim
549 3334 692 3391 adhortari
719 3334 838 3392 referret
860 3346 910 3393 aut
933 3356 983 3394 eos
1004 3337 1124 3412 equites,
1148 3331 1198 3408 qul

221 3415 240 3472 .“
250 3411 407 3484 equitatum
422 3411 547 3468 hostium
559 3413 596 3468 ad
610 3413 787 3472 Rhodanum
799 3413 907 3472 flumen
921 3415 1039 3490 egregie
1051 3411 1197 3483 uicissent,

224 3497 244 3526 “
255 3499 305 3545 aut
318 3508 368 3545 eas
390 3490 531 3565 legiones,
553 3494 624 3548 cum
644 3493 748 3566 quibus
762 3493 920 3569 fugientem
936 3495 1015 3550 huuc
1026 3492 1120 3563 ipsum
1134 3489 1198 3546 bos·

221 3571 312 3625 “tem
335 3580 463 3636 secutus,
479 3569 690 3630 consessionem
710 3573 842 3630 cedentis
856 3592 890 3631 ac
905 3566 1091 3628 detractantis
1104 3576 1196 3624 certas

222 3645 242 3678 “
252 3663 320 3704 men
344 3663 395 3723 pro
416 3649 537 3707 victoria
551 3650 660 3708 habuit
701 3652 732 3710 N
734 3671 803 3724 unc,
817 3651 885 3726 quia
898 3649 945 3705 ills
960 3644 1114 3714 exercitus,
1129 3645 1198 3703 His·

185 3726 347 3802 ⁴⁰“pauiae
372 3729 526 3804 provincie
550 3731 683 3806 scriptus,
709 3731 749 3788 ibi
773 3748 841 3786 eum
866 3727 951 3783 fratre
975 3723 1032 3780 Cu:
1047 3723 1197 3799 Scipione

221 3815 241 3848 ‘⁴
254 3806 326 3866 meis
341 3809 477 3886 auspiciis
490 3827 552 3870 rem
572 3811 657 3888 gerit,
671 3809 722 3875 ubi
735 3825 803 3874 euru
819 3821 919 3892 gerere
933 3811 1050 3860 senatus
1063 3800 1198 3882 populus·
1253 3807 1254 3878 J
