2556 4314
541 333 646 383 LIBER
663 333 711 382 111.
729 345 793 384 ean.
810 348 867 384 nir.
1069 339 1082 358 '
1145 331 1186 392 99

208 473 395 546 fieretbaud
418 473 576 549 quidquam
592 475 734 532 abnuere.
786 474 907 550 Appius,
930 473 1005 532 truci
1018 471 1136 551 ingenio
1155 485 1186 532 et

209 553 322 611 invidit
335 552 494 628 precipue,
515 553 613 610 odium
637 550 668 610 in
689 571 720 610 se
741 552 862 616 aliorum
887 571 939 611 sno
952 552 983 611 in
996 571 1045 612 eos
1063 553 1187 612 metiens

209 629 330 700 odio,'“
343 632 432 689 Haud
454 631 584 707 ignaro,’'
606 631 709 707 inquit,
733 631 896 695 “imminet
919 632 1042 690 fortuna.
1081 631 1186 701 Video,

211 714 231 743 “
243 711 338 768 donec
362 728 441 768 arma
465 710 634 768 adversariis
658 710 819 784 traduntur,
843 711 952 770 differri
973 712 1110 769 adversus
1133 729 1188 770 nos

189 789 233 831 ⁵“'‘
245 801 400 848 certamen.
442 787 565 846 Dandus
586 789 701 847 invidiae
723 803 768 847 est
788 790 917 866 sanguis.
943 794 945 799 '
969 790 1053 848 Nihil
1076 807 1115 848 ne
1135 805 1189 866 ego

212 873 232 902 “
243 869 358 944 quidem
379 885 483 936 moror,
497 868 651 943 quominus
680 869 878 927 decemviratu
892 869 1026 926 abeam.”
1066 867 1191 931 Factum

210 947 512 1015 senatus-consultum,
529 947 599 1008 “Ut
613 947 770 1006 decemviri
784 967 814 1006 se
828 948 922 1025 primo
934 965 1048 1024 quoque
1061 958 1190 1024 tempore

210 1026 407 1102 “magistratu
429 1027 617 1085 abdicarent:
638 1026 679 1088 Q.
689 1026 811 1100 Furius,
830 1027 960 1103 pontifex
973 1027 1127 1095 maximus,
1141 1025 1191 1084 tri·

208 1107 227 1137 “
238 1104 331 1166 bunos
344 1105 436 1182 plebis
457 1116 586 1177 crearet3
607 1116 637 1164 et
649 1125 687 1164 ne
702 1107 750 1176 cui
770 1106 863 1164 fraudi
884 1115 960 1164 esset
973 1105 1101 1165 secessio
1114 1104 1189 1163 mili·

174 1189 298 1242 1⁰“tum
311 1184 489 1262 plebisque.''
531 1185 588 1244 His
609 1185 877 1244 senatus-consultis
900 1185 1047 1262 perfectis,
1059 1185 1190 1243 'dimisso

207 1273 318 1333 senatu,
333 1265 490 1324 decemviri
513 1266 656 1342 prodeunt
678 1266 709 1324 in
734 1266 916 1333 nonnionem,
941 1264 1135 1341 abdicantque
1149 1279 1189 1328 ‚se

207 1342 386 1421 magistratu,
401 1344 513 1421 ingenti
538 1345 615 1403 homi
658 1365 687 1402 m
706 1345 814 1404 laetitiri.
855 1344 1037 1403 Nuntiantur
1051 1345 1116 1402 haec
1129 1343 1189 1419 ple·

207 1422 236 1478 bi
250 1443 256 1479 :
277 1424 396 1499 legatos,
410 1424 549 1500 quidquid
560 1425 594 1482 in
614 1365 692 1482 Mne
706 1425 856 1483 hominum
870 1434 1026 1501 supererat,
1041 1422 1189 1500 prosequi·

207 1511 263 1560 tur.
306 1503 388 1560 Huic
401 1502 580 1561 multitudini
603 1504 669 1560 laeta
692 1504 749 1560 alia
770 1503 855 1560 turba
878 1522 915 1560 ex
928 1504 1030 1561 castris
1042 1502 1188 1561 occurrit:

174 1593 201 1632 1⁵
210 1581 451 1656 congratulantur
464 1581 627 1639 libertatern
640 1582 883 1656 concordiamque
897 1582 1005 1640 civitati
1019 1583 1189 1657 restitutam.

212 1658 318 1734 Legati
331 1678 383 1734 pro
397 1659 558 1718 concione:
582 1659 700 1722 “Quod
725 1657 844 1728 bonum,
858 1661 996 1732 faustum,
1010 1659 1135 1735 felixque
1156 1660 1193 1718 sit

210 1740 232 1767 “
243 1737 334 1804 vobis,
350 1738 449 1814 reique
471 1739 605 1813 publicae,
619 1740 710 1797 redite
735 1740 765 1797 in
779 1739 911 1815 patriam,
926 1738 962 1796 sd
980 1748 1110 1815 penates,
1124 1755 1191 1797 con·

210 1815 335 1892 “juges,
350 1816 514 1893 liberosque
538 1828 666 1877 vestros:
688 1819 749 1892 sed,
771 1819 829 1893 quai
852 1819 900 1876 hic
925 1817 1068 1876 modestia
1088 1816 1191 1890 fuistis,

210 1902 230 1929 “
241 1893 292 1950 ubi
306 1893 414 1952 nullius
428 1913 497 1972 ager
519 1896 549 1953 in
564 1906 606 1954 tot
628 1915 724 1956 rerum
738 1915 793 1955 usu
816 1897 981 1956 necessario
994 1906 1082 1954 tante
1096 1895 1190 1954 multi·

173 1980 233 2024 2⁰⁶⁴
244 1972 341 2030 tudini
364 1974 408 2032 est
428 1973 559 2049 violatus,
573 1993 639 2032 eam
662 1975 831 2034 modestiam
856 1976 928 2037 ferte
949 1976 980 2035 in
995 1971 1112 2036 Urbem.
1154 1975 1191 2035 In

213 2047 424 2110 “Aventinum
444 2051 493 2127 ite,
508 2053 587 2111 unde
609 2054 730 2130 profecti
752 2055 830 2113 estis.
872 2055 927 2128 Ibi,
950 2055 1029 2114 felici
1050 2055 1124 2129 loco,
1138 2056 1190 2114 ubi

214 2131 336 2205 “prima
359 2131 442 2188 initia
461 2131 621 2194 inchoastis
641 2134 781 2191 libertatis
804 2145 916 2206 vestrae,
938 2135 1070 2192 tribunos
1096 2133 1190 2209 plebis

212 2211 233 2239 “
243 2207 397 2265 creabitis:
417 2217 519 2284 presto
541 2209 596 2266 erit
618 2210 748 2285 pontifex
771 2212 925 2284 maximus,
939 2212 988 2287 qui
1010 2211 1129 2270 comitia
1141 2213 1190 2269 ha·

214 2285 360 2342 “beat.”'
391 2286 500 2362 Ingens
523 2305 664 2356 assensus·
679 2288 868 2365 alacritasque
900 2300 1009 2348 cuncta
1032 2291 1190 2366 approban-

175 2363 284 2422 arium
298 2364 370 2422 tuit.
395 2429 398 2432 ,
419 2365 598 2423 convellunt
620 2365 689 2423 inde
705 2365 817 2441 ·signa;
852 2369 1031 2444 profectique
1052 2369 1191 2441 Romam,

212 2453 324 2502 certant
338 2463 407 2501 cum
426 2443 518 2502 obviis
544 2443 659 2520 gaudio.
701 2444 817 2502 Armati
839 2465 890 2520 per
913 2446 1016 2504 urbem
1030 2447 1145 2506 silentio
1158 2448 1190 2506 in

213 2523 392 2582 Aventinum
421 2523 610 2598 perveniunt:
644 2523 686 2580 ibi
709 2522 864 2598 externplo,
896 2524 1033 2598 pontifice
1066 2525 1192 2586 inaximo

212 2603 331 2662 comitia
354 2601 492 2668 habente,
517 2600 760 2676 tribunusplebis
781 2611 961 2673 creaverunt,
985 2597 1116 2660 omnium
1136 2603 1193 2678 pri·

213 2699 293 2739 mum
315 2682 352 2738 A.
378 2679 556 2757 Virginium,
582 2681 650 2737 inde
674 2680 708 2738 L.
734 2680 859 2752 Icilium,
884 2691 914 2738 et
937 2679 970 2737 P.
995 2679 1192 2750 Numitorium

176 2775 202 2814 su
213 2761 389 2819 avunculum
404 2759 557 2838 virgime,
573 2770 706 2818 auctores
719 2760 900 2836 secessionis.
942 2759 1022 2818 Tum
1036 2759 1071 2818 Ο.
1087 2759 1193 2822 Sicini·

214 2859 274 2914 um,
289 2841 457 2917 progeniem
471 2840 543 2917 ejus,
558 2859 645 2914 quem
656 2839 781 2916 primum
795 2839 943 2898 tribunum
956 2839 1048 2916 plebis
1062 2851 1192 2901 creatum

214 2919 246 2975 in
261 2921 352 2976 Sacro
365 2929 470 2991 monte,
484 2919 629 2995 proditum
643 2919 789 2977 memorie
803 2929 847 2979 est
855 2939 862 2990 ;
884 2930 914 2977 et
928 2919 969 2978 M.
985 2919 1127 2990 Duilium,
1142 2922 1192 2996 qui

181 3059 186 3066 ‚
215 2996 394 3054 tribunatum
418 2998 561 3076 insignem
584 2998 843 3057 ante‘decemviros
856 3009 968 3058 creatos
981 3011 1120 3077 gesserat,
1135 3018 1192 3058 nec

216 3075 247 3138 ln
262 3077 498 3136 decemviralibus
511 3079 718 3138 certaminibus
739 3078 815 3154 plebi
829 3078 968 3136 defuerat.
1011 3081 1070 3156 Spe
1084 3079 1191 3138 deinde

80 3185 83 3190 ·
176 3171 203 3210 35
217 3155 318 3232 magia
340 3158 425 3232 quim
438 3158 559 3226 meritis,
582 3157 678 3226 electi,
701 3156 743 3215 M.
770 3157 911 3231 Titinius,
935 3157 977 3216 M.
1007 3158 1192 3236 Pomponius,

215 3235 249 3292 C.
265 3236 423 3313 Apronius,
438 3238 471 3294 P.
485 3238 601 3310 Villius,
616 3237 650 3296 Ο,
665 3237 787 3313 Oppius.
809 3237 975 3306 Tribunatu
989 3237 1072 3313 inito,
1086 3237 1120 3296 L.
1136 3235 1194 3294 Ici-

214 3314 270 3372 lius
294 3315 437 3390 extemplo
460 3316 574 3390 plebem
599 3317 718 3392 rogavit,
739 3326 769 3375 et
791 3316 872 3393 plebs
893 3315 987 3391 sciuit,
1001 3337 1038 3375 ne
1056 3316 1105 3374 cui
1120 3315 1195 3372 frau-

216 3393 246 3450 di
260 3404 338 3451 esset
352 3393 476 3451 secessio
490 3394 526 3451 ab
537 3395 707 3453 decemviris
718 3395 823 3452 lacta·
845 3393 1006 3454 Confestim
1020 3396 1057 3454 de
1070 3387 1196 3451 consuli·
1215 3451 1217 3455 ι

216 3473 272 3528 bus
286 3472 420 3529 creandis
434 3491 501 3529 cum
523 3475 724 3550 provocatione
746 3473 788 3532 M.
803 3473 919 3532 Duilius
940 3474 1118 3549 rogationem
1131 3481 1196 3536 per·

177 3549 293 3608 rotulit.
335 3549 380 3608 Ea
403 3551 502 3608 omnia
523 3551 552 3616 in
577 3553 676 3628 pratis,
690 3552 842 3612 Flaminiis
868 3552 994 3609 concilio
1014 3542 1106 3621 plebis
1119 3547 1194 3604 &0¹³3

217 3647 305 3708 quem
319 3648 400 3691 nunc
414 3629 534 3692 Circum
547 3631 726 3690 Flaminium
740 3630 893 3708 appellant.
1072 3629 1073 3634 ’
