2556 4314
472 335 579 385 LIBER
593 335 626 384 V.
645 348 708 386 can.
725 349 777 384 mr.
1065 341 1121 400 131

145 484 164 513 ‘⁶
195 475 279 534 einoe
300 495 314 534 s
339 494 481 538 annorum
503 477 548 538 vel
574 478 719 536 secundas
739 496 796 551 res,
809 477 855 537 vel
869 479 1022 539 adversas:
1043 481 1122 542 inve·

144 559 162 588 “
171 567 259 614 metis
282 556 382 614 omnia
401 552 538 632 prospere
552 557 684 614 evenisse
700 557 887 632 sequentibus
901 559 990 632 Deos,
1003 562 1121 620 adversa

144 635 387 710 “spernentibus
428 635 496 694 dam
518 637 648 696 omnium
668 637 793 712 primum
814 636 924 713 Vejens
937 639 1043 698 bellum
1059 639 1122 718 (per

144 717 163 746 “
171 725 242 790 quot
255 733 357 783 annos,
371 726 480 790 quanto
491 715 590 774 labore
602 727 717 792 gestum
730 717 751 850 Ι)
773 734 832 774 non
853 717 919 774 ante
934 718 1012 794 oepit
1025 719 1122 794 finem,

117 795 163 838 ⁵“
174 794 273 868 quam,
298 794 409 852 monitu
433 794 572 864 Deorum,
594 813 667 870 aque
681 813 718 852 ex
745 813 799 853 acu
822 795 939 856 Albano
952 797 1057 856 emissa
1069 809 1122 857 est.

143 871 258 934 “Quid
272 874 335 932 haec
358 875 476 932 tandem
499 875 579 932 urbis
602 884 707 932 nostrae
728 873 826 931 clades
846 877 944 934 noval
966 895 1036 935 num
1057 877 1123 936 ante

143 953 163 983 “
175 963 277 1011 exorta
290 963 344 1026 est,
366 952 453 1029 qudnr
475 963 569 1028 spreta
592 972 647 1011 vox
659 953 734 1010 coelo
747 953 853 1011 emissa
866 955 903 1012 de
917 956 1042 1013 adventu
1055 957 1123 1014 Gal·

144 1029 290 1088 “lorum'l
317 1031 402 1106 quim
426 1033 557 1109 gentium
578 1032 687 1108 jasab
710 1031 813 1108 legatis
836 1034 942 1092 nostris
964 1035 1122 1095 violatuml

144 1117 163 1146 “
175 1107 262 1184 qudr'n
276 1129 293 1166 a
306 1111 400 1179 nobis,
415 1130 503 1186 quum
517 1111 658 1168 vindicari
678 1111 806 1179 deberet,
825 1113 929 1170 eadem
942 1114 1121 1190 negligentia

108 1191 163 1238 1⁰“
175 1187 303 1247 Deorum
329 1191 578 1266 pretermissuml
631 1189 725 1266 Igitur
750 1190 829 1258 victi,
853 1192 987 1268 captique
1014 1211 1050 1252 ac
1076 1213 1121 1251 re·

145 1273 164 1304 ‘⁴
176 1269 293 1345 dempti,
307 1279 421 1328 tantum
444 1288 595 1346 poenarum
610 1268 674 1327 Diis
696 1269 917 1348 hominibusque
930 1271 1074 1345 dedimus,
1088 1283 1120 1331 ut

145 1349 164 1378 “
174 1357 313 1406 terrarum
336 1350 400 1408 orbi
421 1349 597 1408 documento
619 1368 757 1408 essemus.
800 1350 938 1408 Adversae
953 1351 1060 1409 deinde
1073 1371 1120 1410 res

145 1427 387 1486 “admonuerunt
407 1429 591 1512 religionum.
634 1428 826 1505 Confugimus
849 1429 879 1486 in
893 1429 1069 1505 Capitolium
1083 1433 1120 1490 ed

145 1512 164 1541 “
177 1505 265 1580 Deos,
279 1509 315 1564 ad
330 1507 430 1564 sedern
443 1507 525 1566 lovis
539 1507 651 1585 Optimi
673 1507 813 1566 Maximi:
834 1527 918 1566 sacra
930 1510 965 1566 in·
974 1509 1057 1568 ruint
1076 1529 1120 1568 re·

107 1588 133 1634 1⁵
144 1586 163 1615 “
175 1604 239 1644 rum
253 1597 413 1644 nostrarum
438 1587 495 1645 alia
508 1584 591 1644 teirae
614 1587 781 1660 celavimus,
796 1587 862 1655 alia,
877 1598 977 1645 avecta
991 1588 1021 1645 in
1035 1589 1121 1648 finiti·

144 1672 165 1700 ‘⁴
177 1683 240 1722 mas
253 1665 349 1734 urbes,
360 1666 517 1725 amovimus
531 1666 569 1723 ab
579 1666 704 1724 hostium
717 1665 818 1724 oculis.
859 1666 988 1725 Deorum
999 1668 1119 1737 cultum,

144 1745 163 1773 ‘⁴
176 1743 283 1802 deserti
308 1744 344 1800 ab
368 1743 432 1802 Diis
453 1745 686 1822 hominibusque,
711 1755 810 1802 tamen
831 1764 890 1804 non
904 1745 1120 1804 intermisimus.

144 1829 164 1857 ‘⁴
175 1819 347 1880 Reddiddre
367 1823 454 1900 igitur
477 1825 608 1901 patriam,
622 1835 653 1884 et
673 1823 832 1897 victoriam,
847 1835 876 1882 et
889 1825 1039 1900 antiquum
1054 1825 1120 1884 belli

145 1908 164 1935 ‘⁴
176 1901 267 1959 decus
281 1902 436 1960 amissum:
457 1915 487 1961 et
500 1904 531 1961 in
546 1905 651 1972 hostes,
666 1903 714 1978 qui
729 1903 801 1961 caeci
816 1904 934 1961 avaritie
948 1905 1120 1980 inpendere

77 1998 80 2004 ·
106 1981 239 2038 arsami
263 1980 356 2038 foedus
379 2000 414 2039 ac
436 1982 523 2041 fidem
547 1983 719 2051 fefellerunt,
743 1994 891 2043 verterunt
917 1983 1055 2042 terrorem
1078 1985 1120 2042 fu-

143 2063 163 2091 “
171 2078 297 2135 gemque
311 2070 340 2119 et
353 2062 471 2120 caedem.

181 2217 249 2275 LII.
272 2221 291 2250 “
302 2219 377 2276 Haec
389 2221 470 2301 ⁴culti
493 2221 675 2298 neglectique
688 2221 817 2280 numinis
838 2232 918 2280 tante
931 2235 1118 2282 monumenta

142 2296 203 2354 “in
229 2297 314 2356 rebus
342 2300 475 2358 humanis
504 2312 667 2375 cernentes,
694 2302 799 2378 ecquid
826 2302 948 2376 sentitis,
975 2301 1118 2372 Quirites,

142 2379 321 2451 “quantum,
349 2379 467 2436 vixdum
494 2399 511 2437 e
542 2381 700 2458 naufragiis
723 2381 825 2456 prioris
852 2382 944 2456 oulpae
971 2382 1118 2459 cladisque

106 2462 133 2500 2⁵
143 2464 163 2491 “
174 2469 365 2533 emergentes
379 2476 514 2534 paremus
534 2460 639 2518 nesasl
679 2460 788 2517 Urbem
803 2459 949 2535 auspicatd
964 2461 1119 2537 inaugura·

142 2537 161 2566 “
173 2533 258 2610 tuque
272 2539 420 2594 conditam
445 2539 605 2596 habemus:
626 2539 723 2596 nullus
744 2539 825 2596 locus
839 2539 869 2596 in
884 2540 918 2596 ed
932 2557 990 2596 non
1005 2541 1119 2616 religio-

142 2622 241 2672 “num
265 2615 455 2691 Deorumque¹
474 2627 519 2674 est
542 2618 664 2693 plenus:
693 2609 844 2678 sacrifieiis
868 2618 1035 2675 solennibus
1060 2637 1119 2676 non

142 2693 235 2754 “dies
258 2696 351 2771 magis
375 2696 452 2769 stati,
475 2697 561 2771 qudm
585 2697 650 2754 loca
671 2706 748 2769 sunt,
772 2697 803 2753 in
818 2696 921 2771 quibus
935 2696 1014 2753 fiant.
1057 2697 1120 2756 Hos

142 2780 275 2832 “omncs
307 2776 397 2849 Deos,
431 2777 564 2852 publicos
591 2776 781 2852 privatosque,
808 2775 951 2849 Quirites,
978 2777 1118 2836 deserturi

106 2859 132 2900 ³0
142 2860 163 2888 ‘⁴
174 2853 265 2910 estisl
305 2853 405 2916 Qudm
419 2875 471 2932 par
492 2867 618 2914 vestrum
633 2855 742 2914 factum
766 2865 819 2928 est,
832 2855 910 2930 quod
924 2855 953 2912 in
968 2856 1118 2917 obsidione

141 2939 267 3007 “nuper
281 2933 311 2989 in
335 2936 452 3010 egregio
476 2936 660 2994 adolescente
683 2936 718 2994 C.
740 2935 842 3008 Fabio,
857 2955 915 2992 non
930 2935 1040 2994 minore
1055 2939 1119 2998 hos·

138 3011 246 3067 “tium
268 3012 466 3083 admiratione,
488 3017 574 3091 quern
598 3017 702 3089 vestre,
726 3026 914 3092 conspectum
938 3026 1000 3086 est;
1029 3037 1118 3092 quum

140 3089 246 3146 “inter
260 3091 372 3149 Gallica
395 3093 452 3151 tela
474 3096 627 3172 degressus
640 3114 677 3152 ex
690 3097 758 3152 arce'
778 3095 897 3153 solenne
911 3094 1010 3154 Fabiae
1023 3099 1120 3174 gentis

140 3177 161 3204 “
172 3169 205 3226 in
220 3169 292 3228 colle
305 3170 452 3233 Quirinali
472 3175 567 3233 obiitt
610 3176 658 3232 An
682 3174 831 3252 gentilicia
851 3194 933 3232 sacra
946 3195 983 3233 ne
999 3177 1028 3234 in
1043 3179 1118 3239 bello

12 3282 16 3292 ·
105 3248 287 3324 ³5“quidem
302 3252 462 3327 intermitti,
476 3254 594 3330 publica
617 3273 699 3312 sacra
723 3266 752 3312 et
773 3254 923 3313 Romanos
938 3255 1016 3314 Deos
1030 3259 1117 3318 etiam

56 3361 60 3368 ,
141 3328 204 3386 ‘tin
227 3348 300 3404 pace
323 3332 427 3405 deseri,
450 3333 566 3407 placet?
588 3344 618 3391 et
640 3333 791 3410 pontifices
814 3333 1002 3411 flaminesque
1026 3339 1135 3416 negli-'

141 3410 319 3484 “gentiores
342 3411 524 3485 publicarum
548 3412 720 3488 religionum
741 3433 814 3482 esre,
839 3413 925 3489 quarn
946 3415 1073 3492 privatus
1086 3418 1117 3474 in

141 3488 288 3545 “solenni
312 3488 407 3564 gentis
431 3489 539 3547 fucrit?
581 3490 714 3550 Forsitan
736 3493 838 3568 aliquis
859 3493 947 3568 dicat,
972 3505 1021 3550 aut
1035 3495 1117 3568 Vejis

140 3575 161 3602 “
173 3585 210 3623 ea
223 3585 277 3624 nos
292 3566 427 3636 facturos,
442 3580 491 3626 aut
505 3570 562 3626 huc
577 3571 645 3629 inde
666 3573 802 3630 missuros
816 3575 980 3630 sacerdotes
994 3581 1115 3638 nostros,

104 3645 221 3721 w‘qui
244 3645 371 3708 faciant:
392 3667 513 3722 quorum
536 3660 669 3708 nentrum
692 3651 754 3709 fieri
778 3652 863 3709 salvis
877 3648 1049 3707 cerimoniis
1069 3667 1118 3723 po-

140 3729 159 3756 “
168 3736 243 3784 test:
265 3737 304 3800 et,
319 3747 356 3784 ne
370 3727 468 3786 omnia
487 3730 646 3805 generatim
660 3747 743 3788 sacra
755 3746 911 3802 omnesque
929 3743 1117 3808 percenseam

140 3804 259 3876 “Deos
285 3807 316 3866 in
341 3806 422 3868 Jovis
446 3809 531 3886 epulo
553 3828 624 3867 num
646 3809 724 3880 alibi,
738 3805 825 3882 quam
849 3802 1043 3878 inCapitolio,
1054 3806 1118 3881 pul·
