2520 4310
464 332 571 384 mnan
586 331 673 384 xxlt.
690 344 753 419 cra.
770 345 828 384 cvr.
1078 332 1139 396 199

160 467 320 551 ,vectigales
341 490 376 532 ac
397 472 598 551 stipendiarios
618 475 680 534 lieri
694 495 725 534 se
744 474 822 552 passi
835 477 925 534 suntl
947 483 1153 556 autpngnam2

163 552 357 612 adversam-in
372 553 484 629 Atrion,
495 555 543 613 oui
556 567 655 632 postea
668 555 716 613 hic
729 555 790 630 ipse
800 554 948 613 Hannibal
961 557 1135 616 succubuit?
1149 551 1156 564 '

72 650 76 658 ’
164 633 299 770 pqqlaelusqq
300 643 384 771 parte
405 635 606 711 comparandae
629 634 707 708 sunt,
728 634 784 692 nisi
807 631 885 710 quod
909 633 1020 693 minore
1041 636 1146 694 auimo?

141 879 155 920 δ
185 868 249 928 Lv.
272 869 304 928 P.
316 869 423 929 Furius
434 870 534 929 Philus
547 882 577 928 et
586 869 704 928 Manius
718 869 896 947 Pomponius
908 881 1044 946 pretores
1057 890 1149 930 sena.

164 958 227 1006 tum
247 949 402 1008 incuriam
426 949 581 1008 Hostiliam
601 961 785 1022 vocaverunt,
810 961 842 1008 ut
865 950 902 1006 de
916 950 995 1008 urbis
1008 951 1139 1008 custodia

163 1029 366 1108 consulerent:
380 1048 475 1104 neque
489 1029 567 1086 enim
577 1028 757 1101 dubitabant,
766 1027 869 1086 deletis
879 1030 1064 1097 exercitibus,
1074 1031 1139 1088 hos·
1177 1057 1185 1070 =

151 1115 222 1162 tem
236 1108 272 1164 ad
286 1109 509 1185 oppugnandam
534 1108 671 1175 Romam,
686 1107 762 1182 quod
776 1127 866 1186 unum
880 1127 953 1183 opus
968 1109 1035 1166 belli
1049 1120 1138 1166 resta·

161 1194 215 1252 ret,
230 1197 390 1245 venturum.
431 1186 534 1249 Quum
560 1187 589 1244 in
615 1186 707 1259 malis,
721 1186 798 1245 sicut
811 1187 989 1262 ingentibus,
1003 1187 1044 1244 ita
1058 1188 1138 1262 igno-

128 1275 152 1316 1⁰
161 1263 207 1337 tis,
229 1285 266 1322 ne
290 1267 443 1324 consilium
467 1267 584 1342 quidem
608 1266 677 1324 satis
700 1266 881 1342 expedirent,
903 1266 1136 1342 obstreperetque

161 1343 269 1402 clamor
290 1345 509 1404 lamentantium
534 1345 696 1412 mulierum,
718 1343 914 1418 esriirndum
941 1345 1034 1420 palam
1050 1345 1136 1418 sacto,
1241 1387 1245 1402 .

149 1421 220 1479 nivi
234 1424 394 1500 mortuique
408 1443 459 1500 per
472 1443 573 1482 omnes
587 1443 668 1498 paeue
681 1424 781 1481 domos
795 1424 956 1498 promiscue
978 1424 1137 1500 complora-

158 1512 278 1572 tentur3
299 1513 361 1560 tum
374 1502 415 1564 Q.
431 1503 539 1560 Fabius
561 1502 709 1560 Maximus
723 1503 846 1575 censuit,
868 1503 1008 1578 “'equites
1020 1503 1138 1580 expedi·

162 1584 235 1638 “tos
247 1592 279 1639 et
302 1582 397 1656 Appia
421 1594 450 1639 et
463 1581 568 1638 Latine
589 1580 634 1636 via
648 1581 813 1653 mittendos,
832 1581 892 1655 qui,
905 1582 1003 1639 obvios
1016 1602 1137 1658 percon-
1215 1591 1218 1599 '

127 1666 183 1712 15⁴⁴
194 1661 284 1717 tando
308 1661 417 1734 aliquos
440 1659 583 1733 profectos
606 1677 643 1714 ex
667 1657 745 1733 fugai,
759 1659 864 1732 passim
886 1660 1045 1733 dissipatos,
1065 1662 1136 1719 forte

161 1738 327 1808 “referant,
352 1756 415 1812 quae
440 1737 553 1794 fortuna
566 1735 717 1802 consulum
739 1748 824 1811 atque
838 1738 1017 1794 exercituum
1032 1739 1068 1795 sit
1078 1757 1086 1808 ;
1108 1748 1138 1797 et

162 1817 301 1892 “siquid
316 1817 365 1873 Dii
380 1816 565 1888 immortales,
580 1814 698 1871 miseriti
713 1814 837 1890 imperii,
848 1816 988 1890 reliquum
1003 1816 1138 1876 Romano

161 1903 181 1931 ‘⁴
192 1897 304 1953 nomini
319 1895 451 1962 fecerint,
466 1894 517 1951 ubi
530 1913 572 1950 eae
586 1893 677 1969 oopiae
691 1893 766 1951 sint:
787 1893 844 1969 qud
858 1913 889 1951 se
905 1895 1053 1952 Hannibal
1074 1907 1138 1971 post

160 1975 323 2049 “proelium
338 1975 511 2032 contulerit:
533 1973 601 2048 quid
625 1983 715 2048 paret,
730 1972 799 2047 quid
814 1983 888 2049 agat,
904 1984 1076 2050 acturusque
1090 1975 1136 2034 sit.

124 2065 149 2106 uu
160 2055 180 2083 “
190 2054 267 2112 Haec
288 2053 464 2129 exploranda
488 2053 690 2127 noscendaque
704 2071 754 2126 per
769 2052 905 2128 impigros
915 2052 1038 2129 juvenes
1051 2073 1135 2112 esse:

160 2134 179 2175 ‘·‘
187 2132 262 2190 illud
284 2149 335 2209 per
356 2133 454 2190 Patres
475 2132 552 2207 ipsos
573 2127 728 2207 agendum}
753 2131 887 2206 quoniam
916 2133 1136 2208 magistratuum
1182 2173 1185 2178 -

158 2219 177 2246 ‘⁴
188 2231 293 2288 parum
307 2213 352 2285 sit,
377 2223 409 2269 ut
432 2211 587 2270 tumultum
610 2231 646 2268 ac
660 2210 879 2286 trepidationem
894 2211 925 2269 in
939 2213 1010 2268 urbe
1024 2213 1135 2286 tollant,

157 2298 336 2349 “matronas
358 2291 473 2367 publico
492 2300 619 2356 arceant,
634 2290 834 2365 continerique
849 2289 924 2348 intra
937 2309 1021 2348 suum
1035 2310 1135 2366 quam-

159 2377 249 2444 “que
273 2371 361 2427 limen
385 2381 510 2445 cogant:
539 2370 731 2443 comploratus
766 2368 937 2427 familiarum
960 2378 1134 2428 coerceant:

123 2449 178 2504 25“
190 2448 338 2504 silentium
362 2467 412 2521 per
433 2449 534 2504 urbem
559 2447 686 2503 faciant:
706 2447 824 2504 nuutios
844 2467 940 2504 rerum
953 2449 1083 2506 omnium
1098 2450 1134 2507 ad

159 2529 179 2558 “
190 2537 328 2602 praetores
337 2525 523 2582 deducendos
529 2535 632 2582 curent
641 2544 648 2580 :
658 2543 717 2580 suta
725 2523 843 2598 quisque
850 2525 970 2583 fortunae
981 2527 1059 2583 domi
1068 2547 1136 2585 auc

159 2613 282 2664 “torem
296 2601 483 2679 exspectent:
504 2603 695 2676 custodesque
709 2611 847 2676 ptaeterea
858 2604 894 2659 ad
908 2614 1004 2677 portas
1017 2615 1135 2680 ponant3

159 2685 242 2760 “qui
257 2683 427 2760 prohibeant
449 2689 621 2757 quemquam
644 2680 745 2756 egredi
769 2680 887 2750 urbem3
909 2693 1070 2756 cogantque
1087 2685 1137 2743 ho·

133 2808 137 2816 .
159 2764 284 2821 “mines
305 2761 425 2828 nullam,
440 2762 495 2818 nisi
519 2761 591 2818 urbe
612 2779 647 2816 ac
663 2757 806 2816 moenibus
828 2759 923 2826 salvis,
937 2760 1058 2818 salutem
1072 2781 1136 2838 spe·

125 2859 150 2901 au
160 2845 178 2876 “
189 2861 263 2902 rare.
305 2841 362 2900 Ubi
387 2840 561 2899 conticuerit
583 2838 733 2909 tumultus,
747 2835 827 2895 recte
842 2849 901 2896 tum
914 2838 943 2895 in
958 2840 1067 2898 curiam
1081 2842 1135 2900 Pa·

161 2931 249 2981 “tres
261 2921 448 2993 revocandos,
470 2918 736 2992 consulendumque
752 2917 789 2994 de
804 2917 882 2976 urbis
895 2919 1025 2976 custodial
1038 2921 1133 2980 esse.”

170 3125 177 3139 .
199 3078 279 3138 LVI.
300 3077 403 3140 Quum
418 3077 452 3138 ln
474 3073 550 3134 bario
574 3075 746 3134 sententiam
765 3075 887 3152 pedibus
909 3096 1011 3135 omnes
1032 3079 1132 3149 issent,

158 3158 346 3234 submotique
361 3158 421 3216 soro
433 3176 485 3234 per
499 3156 681 3232 magistratus
695 3156 788 3228 turbt,
801 3155 901 3214 Patres
919 3156 1024 3214 diversi
1038 3157 1074 3215 ad
1089 3177 1134 3216 sc·

158 3237 270 3296 daudos
291 3238 430 3296 tumultus
451 3235 669 3303 discessissent3
691 3245 752 3292 tum
778 3236 895 3292 demum
920 3235 1010 3293 litere
1034 3255 1052 3294 a
1074 3237 1134 3295 Tc·

125 3316 253 3373 terentio
274 3316 392 3373 consule
414 3315 506 3372 allatae
530 3324 614 3381 sunt:
636 3318 655 3345 ‘⁴
667 3313 701 3370 L.
724 3313 874 3372 AEmilium
889 3315 1038 3372 consulem
1052 3333 1134 3372 exer-

160 3393 339 3468 “citumque
353 3411 481 3460 caesum3
502 3409 566 3448 sese
582 3391 703 3449 Canusii
723 3410 797 3464 esse,
819 3391 953 3467 reliquias
973 3401 1060 3448 tantae
1074 3391 1134 3447 cla-

160 3471 238 3528 “dis
251 3470 329 3528 relut
347 3489 384 3528 ex
397 3469 548 3544 naufragio
561 3469 764 3544 colligentem:
785 3470 821 3526 ad
836 3469 938 3526 decem
957 3467 1046 3525 millia
1059 3465 1133 3524 mili-

159 3553 180 3581 “
191 3560 253 3607 tum
272 3548 361 3606 ferme
380 3567 444 3606 esse
465 3547 716 3623 incompositorum
737 3547 1028 3617 inordinatorumque.
1069 3542 1134 3602 Pte·

159 3627 262 3685 “‘num
283 3628 385 3685 sedere
407 3628 444 3684 ad
466 3626 593 3698 Cannas,
617 3626 648 3684 in
669 3627 848 3702 captivorum
869 3621 967 3699 pretiis
980 3618 1133 3695 predaque

124 3719 150 3763 tt
160 3709 179 3740 “
190 3707 256 3781 atie,
269 3725 326 3764 nec
339 3705 454 3764 victoris
468 3705 573 3777 animo,
587 3701 643 3762 neo
657 3704 755 3780 magni
769 3701 853 3759 ducis
866 3715 955 3763 more,
969 3697 1134 3782 nundinqn-

159 3786 282 3846 “tem”
321 3785 402 3845 Tum
424 3785 540 3862 private
563 3803 676 3866 quoque
699 3800 750 3858 per
763 3779 871 3850 ,domos
894 3773 1132 3856 clades'vulgutae
