2556 4314
543 285 649 348 LIBER
664 286 700 335 11.
716 299 779 336 can.
797 300 831 334 11.
1112 281 1153 340 59

216 426 257 485 ΙΙ.
279 426 394 485 Rerum
408 427 515 485 deinde
537 429 699 486 divinarum
718 429 817 485 habita
837 445 923 486 cura:
943 423 982 494 et,
995 426 1062 501 quia
1074 445 1151 502 quar·

176 505 243 564 darn
257 507 376 583 publica
389 525 472 564 sacra
485 526 536 582 per
557 507 634 582 ipsos
656 527 739 582 reges
752 507 881 564 factitata
893 515 984 573 erant,
998 524 1035 563 ne
1048 505 1148 564 ubiubi

175 601 279 663 regum
303 586 480 644 desiderium
502 596 587 654 esset,
614 605 711 662 regem
735 585 928 643 sacrificulum
953 595 1059 642 creant.
1112 585 1148 643 Id

148 675 152 678 “
174 665 372 723 sacerdotium
395 665 525 740 pontifici
547 665 707 741 subjecere,
732 683 769 722 ne
792 665 906 732 additus
931 663 1041 722 nomini
1060 664 1149 724 honos

150 744 287 819 saliquid
302 744 434 816 libertati,
449 744 532 820 cujus
554 754 625 801 tunc
648 744 740 818 prima
761 754 823 800 erat
847 733 926 810 cur'a,
950 743 1095 800 officeret:
1116 761 1151 802 ac

175 823 288 890 nescio,
304 843 350 891 an,
365 823 451 880 nimis
471 823 598 897 undique
612 841 676 880 eam
691 822 818 879 minimis
832 841 945 897 quoque
959 822 1045 879 rebus
1059 822 1152 880 muni-

173 903 263 975 endo,
286 903 401 960 modum
426 903 610 960 excesserint
653 901 789 959 Consulis
812 901 890 958 enim
915 901 1041 968 alterius,
1061 919 1150 977 quum

175 980 248 1037 nihil
263 981 340 1038 aliud
354 981 515 1055 offenderit,
531 1001 637 1039 nomen
660 981 783 1037 invisum
798 979 907 1037 civitati
922 979 983 1037 fuit.
1028 978 1151 1038 “Nimi-

177 1059 255 1116 “rim
270 1060 443 1134 Tarquinios
456 1079 547 1136 regno
570 1061 717 1118 assuisse:
739 1059 853 1117 initium
867 1078 885 1116 a
906 1058 1005 1116 Prisco
1020 1059 1149 1117 sactum:

140 1155 165 1194 io
176 1141 196 1170 “
206 1141 339 1214 regnasse
354 1140 460 1196 deinde
475 1141 537 1197 Ser.
552 1138 703 1197 Tullium:
725 1158 762 1195 ne
776 1137 925 1196 intervallo
937 1135 1053 1212 quidem
1070 1139 1148 1198 sacto

176 1227 197 1254 “
207 1218 335 1291 oblitum,
359 1229 504 1293 tamquam
531 1219 629 1287 alieni,
653 1218 736 1294 regni
758 1215 920 1294 Superbum
943 1217 1146 1292 Tarquinium,

176 1297 280 1354 “velut
295 1298 490 1355 haereditatem
514 1298 620 1374 gentis,
634 1298 743 1354 scelere
766 1316 800 1354 ac
825 1297 852 1354 vi
870 1296 1018 1372 repetisse.
1059 1296 1147 1356 Pulso

176 1385 196 1413 “
208 1377 347 1452 Superbo,
361 1396 451 1452 penes
465 1376 641 1434 Collatinum
654 1377 806 1452 imperium
820 1395 893 1434 esse.
934 1375 1059 1433 Nescire
1072 1371 1147 1434 Tar-

175 1459 196 1487 “
206 1457 320 1530 quinios
334 1457 458 1532 privatos
472 1457 583 1512 vivere:
604 1475 663 1513 non
676 1455 791 1530 placere
805 1473 932 1512 nornen:
951 1455 1145 1530 periculosum

137 1550 163 1589 15
176 1535 331 1592 “libertati
358 1535 452 1591 esse.”
508 1534 567 1590 Hic
590 1533 817 1609 primii-sensim
841 1534 1013 1590 tentantium
1035 1535 1147 1593 animos

173 1631 272 1670 sermo
295 1631 346 1688 per
367 1624 456 1670 totam
480 1611 626 1669 civitatem
646 1622 691 1668 est
714 1612 818 1681 datus3
852 1611 1060 1686 sollicitamque
1087 1631 1149 1670 sus·

172 1691 293 1768 picione
314 1690 430 1766 plebem
454 1689 561 1748 Brutus
583 1690 619 1747 ad
640 1691 812 1748 concionem
825 1699 918 1746 vocat.
959 1689 1006 1745 lbi
1019 1690 1148 1748 omnium

173 1771 299 1846 primurn
310 1770 514 1845 jusjurandum
527 1769 623 1844 populi
642 1770 764 1837 recitat;
785 1768 931 1825 neminem
952 1786 1074 1843 regnare
1086 1787 1150 1844 pas-

174 1868 265 1922 suros,
279 1867 336 1905 nec
350 1867 414 1904 esse
429 1849 544 1915 Romae‚
560 1849 637 1904 unde
650 1847 810 1923 periculum
825 1847 948 1904 libertati
963 1847 1043 1904 foret.
1085 1852 1104 1879 “
1113 1847 1148 1906 Id

136 1943 163 1984 so
176 1938 196 1964 “
208 1929 319 1985 summai
332 1946 386 2002 ope
400 1927 541 1984 tuendum
561 1945 645 1983 esset
667 1945 760 2000 neque
775 1927 860 1982 ullam
873 1945 944 2000 rem,
958 1945 1022 2000 quae
1035 1923 1071 1984 eb
1085 1945 1148 2003 per-

152 2079 154 2083 .
175 2011 194 2040 “
205 2007 307 2074 tineat,
322 2006 571 2064 contemnendam.
613 2005 740 2062 Invitum
755 2023 785 2061 se
799 2005 897 2062 dicere
909 2004 1033 2062 hominis
1046 2007 1145 2076 causi,

175 2090 194 2118 ‘⁴
206 2105 263 2142 nec
278 2086 421 2143 dicturum
436 2085 534 2156 fuisse,
548 2083 579 2141 ni
599 2085 705 2141 caritas
718 2084 883 2160 reipublicae
897 2084 1034 2142 vinceret.
1075 2085 1145 2144 Non

176 2160 325 2222 “credere
338 2164 473 2240 populum
495 2164 672 2235 Romanurn,
686 2164 806 2221 solidam
819 2163 980 2221 libertatern
995 2183 1147 2239 recupera·

174 2248 347 2300 “tamesse.
388 2243 518 2319 Regium
541 2262 643 2319 genus,
669 2243 779 2318 regium
804 2247 921 2314 nomen,
936 2262 994 2300 non
1008 2241 1100 2301 soliim
1114 2243 1145 2302 in

137 2339 164 2377 as
174 2326 193 2354 “
206 2321 328 2395 civitate,
342 2323 393 2380 sed
408 2324 495 2379 etiam
509 2323 539 2378 in
553 2321 673 2397 imperio
686 2341 759 2378 esse.
801 2322 836 2378 Id
850 2322 977 2394 officere,
988 2322 1016 2378 id
1030 2323 1147 2380 obstare

174 2401 336 2459 “libertati
379 2402 468 2458 Hunc
482 2401 544 2473 tu,’'
559 2401 662 2475 inquit,
678 2405 697 2431 “
709 2400 759 2456 tub
772 2401 928 2471 voluntate,
942 2400 976 2456 L.
991 2400 1143 2478 Tarquini,

174 2490 316 2539 “remove
330 2491 450 2537 metum.
473 2479 672 2550 Meminimus,
686 2478 817 2545 latemur,
832 2477 945 2553 ejecisti
958 2497 1050 2552 reges,
1085 2479 1146 2536 Ab·

174 2560 280 2617 “solve
296 2559 470 2617 beneficium
485 2568 576 2616 tuum.
617 2557 710 2613 Aufer
724 2557 793 2612 hinc
806 2556 918 2631 regium
932 2573 1048 2611 nomen.
1082 2556 1146 2614 Res

174 2642 193 2670 “
205 2649 268 2696 tuas
283 2639 334 2696 tibi
359 2658 418 2696 non
441 2636 533 2694 solum
554 2635 677 2692 reddent
698 2633 776 2691 cives
799 2634 852 2700 tui,
867 2643 983 2690 auctore
997 2651 1044 2690 me
1055 2653 1063 2704 ;
1084 2635 1145 2709 scd,

137 2726 192 2772 ω’*
204 2718 309 2792 siquid
324 2719 415 2785 deest,
438 2713 577 2774 munifice
599 2711 757 2790 augebunt:
796 2712 920 2769 Amicus
934 2712 999 2769 abi:
1021 2731 1146 2773 exonera

173 2800 192 2826 “
204 2797 349 2854 civitatem
374 2815 448 2854 vano
463 2795 580 2854 forsitan
594 2805 682 2851 metu.
723 2792 770 2850 Ita
792 2810 959 2869 persuasum
974 2802 1017 2849 est
1031 2793 1143 2870 animis,

172 2884 191 2912 ‘⁴
204 2895 272 2933 cunr
287 2886 373 2951 gente
396 2874 557 2948 Tarquinii
580 2891 703 2949 regnum
724 2872 793 2929 hinc
808 2872 982 2929 abiturum.”
1024 2873 1143 2932 Consuli

170 2952 264 3030 primii
278 2964 336 3010 tam
351 2973 430 3010 novae
453 2954 495 3010 rei
519 2972 554 3010 ac
577 2953 679 3010 subitas
701 2951 851 3009 admiratio
864 2951 1020 3009 incluserat
1033 2971 1142 3011 vocem.

170 3031 281 3090 Dicere
295 3032 399 3088 deinde
413 3032 599 3108 incipientem
619 3021 758 3107 prfflores
772 3031 895 3088 civitatis
909 3031 1142 3103 circumsistunt3

135 3111 276 3169 sseadem
290 3111 385 3168 multis
407 3113 542 3187 precibus
564 3121 656 3168 orant.
695 3111 735 3170 Et
748 3110 845 3167 caeteri
859 3109 975 3184 quidem
989 3112 1143 3170 movebant

171 3190 287 3248 minus:
307 3202 455 3266 postquam
481 3192 530 3266 Sp.
545 3189 709 3258 Lucretius,
733 3181 827 3265 major‘
845 3199 927 3245 aetate
942 3197 976 3245 ac
990 3189 1141 3265 dignitate,

171 3287 253 3328 socer
267 3280 405 3345 praeterea
418 3270 517 3344 ipsius,
531 3287 617 3344 agere
638 3268 724 3334 varie‘,
739 3267 868 3343 rogando
891 3267 1008 3324 alternis
1022 3271 1144 3330 suaden-

170 3348 275 3423 doque,
290 3348 388 3421 coepit,
402 3358 434 3403 ut
457 3348 534 3405 vinci
558 3367 589 3404 se
613 3365 757 3404 consensu
775 3345 897 3403 civitatis
921 3357 1083 3420 pateretur;
1109 3351 1144 3408 ti-

170 3446 255 3484 mens
280 3425 391 3497 consul,
406 3445 443 3482 ne
464 3426 644 3500 postmodum
667 3425 776 3501 privato
798 3423 852 3481 sibi
876 3425 979 3481 eadem
1002 3426 1051 3483 illa
1075 3443 1142 3483 cum

138 3505 314 3562 abonorum
338 3504 500 3576 amissione,
524 3505 676 3578 additaque
698 3504 753 3561 alisi
773 3503 890 3577 insuper
911 3503 1080 3578 ignominia,
1095 3519 1142 3556 ac·

170 3584 313 3654 uiderent,
328 3582 471 3640 abdicavit
494 3601 524 3639 sc
547 3583 717 3640 consulatu:
738 3582 880 3654 rebusque
904 3579 1039 3636 omnibus
1059 3574 1143 3630 Lavi-

171 3663 253 3720 nium
268 3661 423 3729 translatis,
438 3661 552 3718 civitate
567 3661 663 3718 cessit.
704 3660 810 3716 Brutus
824 3663 861 3714 ex
881 3648 1143 3738 senatis-oonsulto

172 3742 208 3798 ad
231 3742 369 3818 populum
392 3741 466 3808 tulit,
491 3750 523 3797 ut
545 3758 646 3798 omnes
667 3734 836 3809 Tarquiniae
860 3719 1081 3804 gentrsexsules
1102 3738 1145 3778 es.
