2556 4314
461 353 568 404 LIBER
583 356 604 404 1.
621 369 684 406 car.
695 367 797 404 xxxrrr.
1081 349 1122 410 33
1141 347 1145 354 '

145 481 202 569 tius
225 489 353 554 Romam
381 496 417 553 ad
439 497 651 562 consulendum
674 498 757 556 redit.
800 495 972 554 'Confestim
985 513 1048 554 'rex
1074 491 1120 550 his
1163 551 1167 558 ,
1202 516 1206 526 ·

146 573 235 632 ferme
249 575 346 634 verbis
367 574 469 633 Patres
491 577 678 634 consulebat:
701 575 864 638 “Quarum
886 593 992 641 rernm,
1015 573 1120 645 litium,
1179 583 1191 604 '

146 657 329 712 “causarum
343 655 474 712 condixit
487 666 567 730 pater
576 665 705 730 patratus
715 655 813 731 populi
823 654 951 712 Romani
960 652 1120 716 Quiritium

145 734 252 807 “patri
273 744 384 808 patrato
403 733 564 828 priscorum
585 727 757 792 Latinorum
778 732 997 812 hominibusque
1020 730 1122 806 priscis

120 814 164 860 ⁵“
177 811 300 880 Latinis,
315 832 384 888 quas
405 832 452 870 res
472 813 544 882 dari,
566 813 638 886 fieri,
662 813 733 870 solvi
756 813 890 888 oportuit,
914 829 985 886 quar
998 829 1045 868 res
1066 826 1122 868 nec

135 890 328 960 “dederunt
347 894 408 950 'nec
433 892 574 966 fecerunt,
599 911 656 950 nec
680 892 836 965 solverunt,
861 887 1059 966 dic‚’'‘inquit
1082 889 1121 957 ei,

141 973 230 1042 quem
253 971 378 1046 primum
392 971 563 1029 sententiam
585 972 714 1047 rogabat,
730 975 749 1002 “
760 971 832 1046 quid
843 971 967 1044 censesl
980 969 998 1028 '.’
1041 967 1120 1026 Tum

42 1083 43 1086 =
142 1046 208 1121 ille:
232 1050 338 1107 “Puro
359 1050 463 1126 pioque
488 1051 778 1125 duello‘quaerendas
801 1051 918 1121 cehseo,
940 1049 1036 1123 itaque
1051 1066 1120 1106 con-

110 1189 114 1196 ,
145 1135 164 1162 ‘⁴
176 1128 278 1200 sentio,
306 1129 547 1204 consciscoque.'’
608 1130 684 1187 Inde
714 1125 830 1196 ordines
848 1128 897 1186 alii
923 1128 1118 1206 rogabantur:

108 1207 311 1282 nquandoque
326 1228 393 1283 pars
416 1209 506 1285 major
530 1227 640 1281 eorum,
654 1207 702 1284 qui
717 1209 847 1281 aderant,
862 1209 892 1266 in
906 1207 1039 1264 eamdem
1053 1225 1118 1263 sen·
1216 1254 1220 1262 .
1264 1281 1265 1288 ἵ

141 1286 262 1344 tentiam
276 1287 345 1356 ibat,
369 1288 476 1346 bellum
496 1299 562 1346 erat
582 1304 736 1348 consensur
778 1286 857 1345 Fieri
881 1287 1006 1359 solitum,
1030 1295 1063 1342 ut
1077 1285 1136 1347 fe-.
1209 1355 1220 1372 '
1264 1337 1265 1382 1

141 1363 223 1422 cialis
237 1366 350 1424 bustam
363 1368 499 1426 ferratam
521 1377 571 1425 ant
592 1367 785 1443 sanguineam
808 1376 969 1442 praeustam·
984 1365 1022 1422 ad
1043 1363 1117 1422 fines

139 1460 240 1500 eorum
260 1445 356 1514 ferret,
378 1458 418 1520 et,
433 1466 490 1506 non
511 1445 606 1504 minda
629 1447 720 1504 tribus
741 1446 897 1521 puberibus
917 1443 1118 1523 presentibus,

138 1521 268 1582 diceret:
292 1525 530 1602 “Quddpopuli
551 1527 711 1602 priscorum
733 1525 903 1582 Latinorum
928 1525 1115 1599 hominesque

103 1612 128 1652 1⁵
139 1609 158 1636 “
170 1603 260 1676 prisci
273 1604 373 1662 Latini
387 1606 522 1663 adversus
534 1605 671 1680 populum
685 1605 853 1663 Romanum
862 1604 1024 1665 Quiritium
1038 1602 1116 1660 fece-

137 1683 157 1711 “
167 1691 248 1754 runt,
262 1683 462 1758 deliquerunt3
483 1683 559 1758 quod
578 1684 700 1759 populus
716 1684 868 1760 Romanus
881 1682 1043 1742 Quiritium
1056 1681 1116 1760 bel·

137 1759 231 1816 “lum
256 1779 325 1818 cum
339 1763 446 1838 ‘priscis
470 1761 582 1820 Latinis
600 1763 686 1838 jussit
710 1781 792 1832 esse3
820 1771 993 1836 senatusque
1018 1759 1115 1835 populi

138 1837 296 1896 “Romani
310 1840 471 1901 Quiritium
486 1841 609 1907 censuit,
625 1841 782 1908 consensit,
797 1840 948 1912 conscivit,
962 1849 994 1896 ut
1007 1838 1115 1896 bellum

138 1920 155 1947 “
170 1935 238 1974 oum
260 1919 364 1994 priscis
385 1915 504 1977 Latinis
520 1918 618 1989 fieret3
639 1921 677 1977 ob
698 1938 764 1976 eam
789 1938 921 1995 remago
933 1919 1111 1994 populusque

100 2004 157 2046 2⁰“
169 1996 322 2055 Romanus
356 1998 467 2073 populis
491 1999 658 2073 'priscorum
685 1998 854 2056 Latinorum
889 1997 1112 2072 hominibusque

137 2075 271 2151 “priscis
292 2076 409 2150 Latinis
425 2078 533 2138 bellum
546 2078 646 2138 indico
660 2077 822 2152 facioque.’'
863 2077 899 2134 Id
918 2077 967 2134 ubi
977 2077 1111 2150 dixisset,

135 2155 248 2212 hastam
262 2155 293 2213 in
308 2157 381 2214 fines
404 2176 503 2216 eorum
526 2157 684 2216 emittebat.
726 2157 794 2215 Hoc
808 2172 869 2214 tum
884 2157 969 2214 modo
983 2156 1019 2213 ab
1033 2156 1112 2214 Lati·

93 2231 97 2236 ’
136 2235 182 2293 nis
195 2236 323 2310 repetitae
337 2256 440 2314 resae
454 2237 561 2297 bellum
584 2237 744 2300 indictum:
766 2253 933 2318 moremque
957 2255 1026 2298 eum
1046 2253 1111 2319 poa-

134 2313 190 2370 teri
205 2327 388 2392 acceperunt.

13 2487 16 2492 ·
97 2473 124 2524 aa
173 2471 324 2530 XXXIII.
346 2467 461 2542 Ancus,
478 2474 658 2533 demandata
677 2469 919 2533 cura-sacrorum
943 2476 1109 2535 flaminibus

131 2552 386 2628 sacerdotibusque
411 2553 484 2626 aliis,
498 2555 628 2611 exercitu
652 2573 727 2612 novo
740 2553 926 2628 conscripto,
951 2555 1117 2629 profectus,

131 2628 310 2700 Politorium,
325 2633 427 2692 urbem
449 2632 630 2700 Latinorum,
644 2632 672 2689 vi
696 2633 789 2708 cepit3
811 2643 984 2706 secutusque
999 2649 1108 2700 morem

130 2727 233 2784 regum
257 2712 395 2786 priorum,
418 2711 467 2788 qui
491 2730 552 2768 rem
574 2711 740 2770 Romanam
761 2721 901 2768 auxerant
924 2711 1054 2769 hostibus
1077 2713 1107 2770 in

82 2857 86 2864 Ι
130 2787 276 2855 civitatem
301 2790 491 2867 accipiendis
516 2790 732 2849 multitudinem
753 2809 870 2854 omnem
897 2791 1024 2849 Romam
1051 2801 1107 2850 tra·

95 2867 230 2925 aduxit:
252 2881 291 2938 et,
306 2890 395 2946 quum
419 2871 500 2928 circa
525 2870 678 2938 Palatium,
693 2871 793 2928 sedern
816 2881 945 2928 veterum
958 2870 1107 2931 Romano·

127 2944 202 3015 rum,
219 2949 322 3005 Sabini
343 2950 518 3025 Capitolium
540 2961 624 3024 atque
646 2969 753 3023 arcem,
768 2949 893 3008 Coelium
912 2963 1040 3010 montem
1054 2952 1107 3009 Al-

128 3025 198 3083 bani
209 3027 395 3101 implessent;
418 3027 597 3088 Aventinum
621 3049 702 3087 novae
715 3029 901 3107 ¹multi-tudini
915 3032 1014 3088 datum
1028 3052 1033 3088 :
1056 3033 1105 3088 ad·

126 3105 181 3162 diti
197 3102 303 3162 ebdem
317 3106 394 3164 haud
418 3107 458 3166 ita
481 3107 570 3166 multd
583 3107 657 3185 post,
672 3109 804 3166 Tellenis
819 3109 985 3186 Ficanlque
1000 3111 1103 3186 captis,

125 3183 194 3264 novi
210 3183 296 3241 cives.
337 3185 506 3244 Politorium
530 3188 600 3245 inde
622 3193 720 3246 rursus
742 3188 818 3247 bello
841 3191 1009 3267 repetitum,
1026 3193 1104 3264 qu'od

92 3271 116 3312 ³⁵
125 3281 252 3320 vacuum
266 3277 479 3341 occupaverant
502 3267 589 3342 prisci
608 3267 724 3326 Latini:
746 3269 838 3343 eaque
852 3289 940 3326 causa
953 3270 1103 3328 diruendas

124 3341 205 3399 urbis
219 3342 282 3418 ejus
307 3343 360 3402 fuit
389 3346 542 3416 Romanis,
567 3365 604 3404 ne
619 3347 744 3405 hostium
758 3367 872 3423 semper
885 3348 1103 3425 receptaculum

123 3431 210 3479 esset.
253 3422 413 3492 Postremo,
438 3427 518 3484 omni
538 3421 614 3483 bello
635 3426 740 3485 Latino
754 3426 926 3486 Medulliam
940 3427 1101 3504 compuls0,

125 3499 305 3575 aliquamdiu
319 3502 359 3559 ibi
374 3501 469 3562 Marte
483 3505 606 3575 incerto,
620 3507 699 3564 varid
721 3507 851 3580 victoria,
865 3519 1025 3584 pugnatum
1039 3517 1100 3564 cst:

124 3597 193 3636 narn
216 3589 246 3636 et
260 3580 329 3637 urbs
342 3591 404 3640 tuta
427 3585 646 3654 munitionibus,
660 3586 850 3662 praesidioque
871 3588 984 3646 firmata
1005 3583 1101 3640 valido

33 3698 40 3706 -
91 3666 204 3728 4⁰erat3
227 3669 267 3727 et,
283 3662 385 3718 castris
408 3663 439 3721 in
461 3675 558 3739 aperto
571 3665 685 3740 positis,
694 3665 845 3750 aliquoties
863 3665 1007 3725 exercitus
1021 3659 1115 3748 Lati·'

122 3755 177 3794 nus
207 3739 342 3807 cominus
366 3760 433 3799 cum
462 3744 606 3802 Romanis
630 3746 714 3821 signa
740 3745 910 3802 contulerat.
959 3741 1008 3797 Ad
1035 3737 1101 3826 ulti·

122 3833 211 3894 mum,
222 3820 358 3891 omnibus
371 3821 473 3902 copiis
497 3823 646 3897 connisus,
660 3825 764 3883 Ancus
778 3822 842 3880 acle
855 3817 979 3896 primdm
993 3816 1101 3876 vincit:
