2520 4310
114 305 172 395 1ae
515 327 586 382 un
603 325 690 382 nvn

97 474 191 536 cellit
212 484 251 543 et,
265 491 355 550 quum
378 473 535 532 concilium
559 474 600 532 ibi
617 475 767 552 juvenum,
792 467 959 549 dequibus
971 469 1089 550 allatum
1163 512 1169 540 ι,

11 607 12 618 ,
113 565 185 628 erat,
200 554 366 622 invenisset,
389 553 488 612 stricto
511 573 596 630 super
618 554 713 629 capita
735 552 961 610 consultantium
983 541 1089 630 gladio,

113 633 190 692 “Ex
204 633 262 691 mei
286 633 375 691 animi
397 634 573 702 sententid,''
594 633 696 709 inquit,
721 637 740 666 “
752 646 784 690 ut
803 650 859 708 ego
882 633 1090 706 rempublicam

113 713 241 788 “populi
262 713 390 772 Romani
414 732 472 771 nou
486 715 628 780 deseram,
647 731 741 788 neque
766 711 853 768 alium
875 711 969 768 civem
984 711 1092 771 Roma·
1169 737 1173 744 ·

113 800 215 850 “num
240 792 374 850 deserere
397 793 497 869 patiar.
547 793 580 850 si
600 791 696 850 sciens
720 791 797 864 fallo,
821 802 882 848 tum
897 809 961 857 me,
977 790 1092 882 Jupiter
1112 801 1127 842 ⁵

11 895 12 956 ᾗ
90 870 263 947 ·“Optime
277 870 416 940 Maxime,
434 873 568 951 domum,
593 871 742 942 familiam,
762 889 880 945 remque
895 889 989 928 meam
1004 890 1093 947 pessi·
1138 921 1141 925 .

11 959 12 982 ¹
114 951 264 1009 “moleto
277 951 421 1016 afficiasl·‚
436 951 480 1009 ·Iu
495 952 558 1008 haec
579 951 676 1024 verba,
691 950 724 1008 L.
739 950 851 1020 Cecili,
863 950 952 1026 jures,
967 951 1089 1025 postulo,

114 1030 309 1106 “ceterique,
330 1031 379 1105 qui
393 1029 518 1088 adestis:
539 1031 588 1105 qui
612 1049 670 1088 non
682 1029 830 1105 juraverit,
846 1030 876 1086 iu
890 1048 922 1086 se
937 1030 1016 1088 hunc
1028 1030 1089 1106 gla·
1127 1097 1133 1106 ι

113 1109 225 1178 “diurn
239 1110 369 1167 strictum
392 1128 458 1167 esse
480 1109 583 1166 sciat.''
624 1109 712 1166 Haud
737 1127 823 1166 secus
843 1108 947 1184 pavidi,
962 1107 1087 1183 quamsi

113 1187 281 1246 “victorem
306 1188 502 1246 Hannibalem
526 1199 690 1255 cernerent,
701 1188 804 1263 jurant,
818 1190 938 1256 omnesr
960 1187 1125 1246 custodi-1⁰

111 1269 132 1301 “
142 1268 288 1342 endosqne
302 1279 394 1326 semet
406 1269 484 1344 ipsos
496 1267 629 1344 Scipioni
643 1268 769 1324 tradunt.

150 1424 230 1485 LIV.
252 1424 296 1484 Eo
309 1436 447 1502 ternpore,
462 1445 519 1500 quo
532 1425 595 1482 brec
606 1424 727 1482 Canusii
741 1425 913 1500 agebantur,
927 1423 1089 1482 Venusiam
1126 1446 1127 1449 ¹

111 1504 149 1562 ad
171 1504 321 1562 consulem
346 1506 382 1562 ad
403 1515 524 1580 quatuor
550 1504 640 1562 millia
662 1503 792 1579 peditum
816 1504 1015 1579 equitumque,
1038 1502 1088 1584 qui
1198 1575 1201 1582 Ι

110 1584 200 1659 qrarsi
225 1583 294 1659 lugd
315 1603 367 1660 per
387 1603 471 1660 agros
492 1584 615 1651 fuerant,
634 1585 800 1659 pervenere.
842 1583 901 1640 Eos
914 1601 1015 1641 omnes
1029 1583 1087 1640 Ve-
1140 1603 1143 1608 ·

11 1715 14 1730 ‚
109 1662 208 1719 nnsini
223 1681 273 1738 per
286 1663 409 1721 familias
429 1661 554 1739 benigue
579 1663 765 1738 accipiendos
784 1663 1087 1737 curandosque'quum
1099 1670 1124 1711 1⁵

110 1741 283 1808 divisissent,
305 1742 335 1800 in
357 1743 485 1818 singulos
496 1743 609 1818 equites
629 1753 711 1818 togas
723 1753 753 1799 et
765 1743 881 1800 tunicas
893 1753 924 1798 et
937 1741 1088 1816 quadriga·

109 1829 154 1878 tos
167 1839 301 1878 nummos
322 1822 425 1897 quinos
449 1821 575 1888 vicenos,
598 1832 628 1878 et
651 1821 797 1896 peditibus
819 1822 918 1888 denos,
942 1832 971 1876 et
995 1837 1084 1892 arma,

109 1899 214 1974 quibus
235 1899 365 1967 deerant,
390 1901 551 1958 dederunt:
573 1911 733 1975 caeteraque
758 1901 874 1976 publice
893 1918 927 1956 ac
951 1899 1083 1974 privatim

109 1977 286 2053 hospitaliter
311 1979 387 2036 facta
395 1998 403 2048 ;
425 1989 633 2054 certatumque,
655 1997 692 2035 ne
707 1980 858 2036 amuliere
872 1978 1022 2036 Canusinis
1035 1996 1097 2053 po·-

108 2056 194 2132 pulus
207 2057 376 2114 Venusinus
389 2058 493 2116 officiis
508 2059 679 2115 vinceretur.
709 2058 768 2115 Sed
783 2059 897 2133 gravius
911 2077 986 2115 onus
999 2057 1085 2114 Busae
1095 2067 1123 2107 2⁰
1137 2091 1141 2098 ·

87 2144 91 2151 '
108 2134 262 2192 multitudo
276 2135 410 2202 faciebat,
425 2146 454 2192 et
475 2136 534 2211 jam
559 2138 595 2193 ad
610 2139 713 2194 decem
727 2137 816 2193 millia
830 2137 978 2194 hominum
994 2147 1084 2200 erant.

109 2213 279 2288 Appiusque
305 2224 335 2271 et
363 2213 471 2289 Scipio,
498 2225 648 2290 postquam
670 2216 843 2272 incolumem
870 2233 935 2270 esse
962 2214 1085 2272 alterum

37 2295 41 2300 “
107 2293 256 2350 consulem
279 2304 464 2368 acceperunt,
487 2294 622 2352 nuntium
647 2295 791 2369 extemplo
814 2293 940 2361 mittam,
968 2299 1086 2367 quantae

54 2417 58 2424 .
109 2387 209 2430 secum
231 2371 359 2446 peditum
383 2373 569 2448 equitumque
593 2374 684 2449 copim
708 2366 835 2445 essent:¹
851 2372 1087 2446 sciscitatumque

108 2449 204 2520 simul,
218 2449 315 2508 utritm
330 2451 488 2510 Venusiam
513 2453 619 2510 adduci
640 2453 811 2520 exercitum,
826 2471 862 2508 an
877 2470 995 2508 manere
1006 2451 1122 2526 jube-as

109 2539 154 2588 ret
167 2529 288 2588 Canusii
301 2533 313 2586 l
355 2531 448 2588 Varro
461 2528 522 2607 ipse
537 2532 698 2589 Canusium
713 2532 812 2607 copias
825 2531 973 2588 traduxit:
986 2541 1016 2587 et
1027 2531 1087 2606 jam

110 2609 205 2686 aliqua
228 2609 341 2686 species
367 2611 526 2686 consularis
547 2612 690 2669 exercitiis
713 2621 795 2679 erat3
828 2609 1029 2684 moenibusque
1055 2626 1087 2665 se

109 2690 200 2762 certd,
221 2690 245 2746 si
266 2709 324 2752 non
349 2691 445 2762 armis,
470 2691 507 2746 ab
528 2687 611 2748 hoste
635 2691 804 2748 videbantur
828 2688 985 2747 defensuri.
1026 2687 1088 2746 Ro·

109 2785 198 2836 mam,
222 2787 260 2824 ne
285 2769 336 2825 has
360 2768 477 2844 quidem
497 2770 632 2844 'reliquias
645 2785 796 2844 superesse
810 2769 917 2826 civium
932 2767 1086 2824 sociorum·

73 2905 75 2908 .
111 2864 178 2920 que,
193 2847 244 2902 sed
258 2846 409 2905 occidione
423 2848 535 2906 occisos
549 2868 615 2906 cum
627 2849 740 2906 duobus
753 2847 930 2906 exercitibus
942 2845 1084 2912 consules,
1093 2857 1121 2897 ac

51 2943 77 2978 e
111 2923 276 2998 deletasque
300 2943 402 2982 omues
425 2927 532 3003 copias,
548 2928 663 2984 allatum
682 2927 782 2984 suerat.
824 2926 992 3001 Nunquam,
1006 2923 1086 2981 salvia

110 3001 200 3075 Urbe,
223 3012 333 3060 lantum
358 3005 470 3078 pavoris
497 3007 690 3082 tumultusque
714 3007 790 3064 intra
816 3006 925 3062 moenia
951 3005 1087 3061 Romana

111 3080 185 3141 suit:
216 3080 312 3156 itaque
334 3084 525 3164 succumbam
549 3086 640 3153 oneri,
665 3105 760 3161 neque
785 3084 937 3160 aggrediar
958 3099 1084 3149 narrare,

111 3176 175 3235 quae
189 3159 386 3234 edissertando
399 3164 510 3221 minora
523 3183 590 3222 vero
605 3164 709 3222 secero.
750 3162 879 3222 Consule
899 3161 1087 3234 exercituque

112 3238 149 3298 cd
163 3237 369 3298 Trasimenum
392 3243 492 3317 priore
507 3261 585 3300 anno
608 3243 723 3309 amisso,
739 3262 797 3301 nou
810 3242 916 3300 vulnus
927 3258 1014 3314 super
1029 3238 1122 3300 vul-s

111 3335 178 3385 nus,
192 3318 244 3376 sed
265 3320 414 3396 multiplex
428 3322 536 3388 clades,
555 3325 623 3378 cum
637 3321 751 3390 duobus
765 3320 933 3378 consulibus
946 3319 1005 3376 duo
1019 3335 1088 3376 con·

111 3397 222 3456 sulares
245 3399 390 3458 exercitus
411 3399 508 3457 amissi
529 3399 756 3469 nuntiabantur3
777 3419 834 3459 nec
848 3399 907 3456 ulla
918 3399 978 3474 jam
992 3407 1088 3454 castra

112 3474 259 3550 Romana,
273 3496 329 3535 nec
350 3479 466 3545 ducem,
489 3497 545 3534 nec
569 3478 690 3536 militem
713 3497 796 3536 esse:
818 3477 995 3536 Hannibalis
1008 3477 1088 3549 Apu·

111 3552 191 3626 dan,
206 3555 369 3628 Samnium,
382 3574 417 3612 ac
428 3557 487 3631 jam
501 3555 588 3630 prope
609 3567 699 3614 totam
712 3556 826 3614 Italiam
840 3557 957 3614 luctam.
998 3552 1088 3612 Nulla

112 3631 242 3707 prosectu
256 3634 312 3691 alia
325 3653 398 3708 gens
411 3629 492 3690 tenid
506 3633 580 3690 mole
594 3633 686 3692 cladis
700 3654 758 3693 non
772 3636 875 3692 obruta
887 3643 973 3700 esset,
1001 3633 1123 3692 Com-n

110 3725 210 3783 parem
223 3710 337 3769 cladem
359 3710 395 3766 ad
416 3711 537 3785 AEgates
561 3711 670 3786 insulas
690 3712 975 3787 Carthaginiensium
988 3708 1089 3786 prelio

112 3786 207 3846 navali
220 3797 380 3862 acceptam,
394 3787 452 3861 qud
465 3787 548 3846 fracti
562 3788 711 3848 Siciliane
731 3790 867 3848 Sardinia
880 3791 1005 3862 cessere,
1019 3787 1089 3846 hinc
