2520 4310
398 327 403 332 ¹
493 341 599 398 LIBER
614 345 701 398 XXII.
719 360 781 398 cnr.
798 357 856 396 uxr.
1045 384 1049 390 .
1101 349 1162 412 205

187 496 292 557 “sent,
307 488 457 572 nemiuem
479 484 566 548 bodie
579 509 616 549 ex
639 488 685 559 iis,
706 489 755 566 qui
769 489 806 546 ad
820 487 938 548 Cannas
950 501 1161 567 pugnaverunt,
1193 509 1195 514 ·

186 567 314 625 “civem
328 568 455 626 baberet.
497 569 543 628 Ex
564 568 691 628 millibus
714 579 824 644 septem
845 577 1017 626 armatorum
1031 571 1162 630 sexcenti

185 649 206 677 “
217 646 400 716 exstiterunt,
412 648 461 724 qui
472 665 621 726 erumpere
632 649 782 721 auderent,
793 645 841 724 qui
852 647 883 704 in
892 647 1013 722 patriam
1025 648 1109 706 liberi
1122 659 1162 707 at·

174 726 206 755 '“
217 741 274 800 que
285 726 386 784 armati
407 726 550 786 redirent:
572 745 666 804 neque
682 726 722 792 iis¹
731 726 921 803 quadraginta
933 725 1024 788 millia
1037 725 1163 786 hostium

163 810 208 859 5“
217 803 362 862 obstitere.
383 803 483 866 Quam
494 816 587 866 tutum
598 807 652 864 iter
664 807 786 864 duarum
793 806 881 882 prope
892 805 1040 882 legionum
1052 805 1163 882 agmini

186 879 347 940 “futurum
371 883 497 942 censetis
518 885 630 943 fuissel
670 884 826 942 Haberetis
851 883 936 943 hodie
949 883 1051 962 viginti
1073 883 1165 942 millia

185 967 392 1021 “armatorum
405 961 535 1034 Canusii,
550 963 643 1031 fortia,
658 963 764 1035 fidelia,
780 961 880 1020 Patres
893 962 1067 1040 conscripti:
1082 981 1163 1024 nunc

184 1044 204 1072 “
216 1048 315 1095 autem
336 1040 577 1116 quemadmodum
600 1041 629 1098 hi
657 1041 726 1099 boni
747 1041 903 1117 fidelesque
927 1040 1010 1118 (narn
1024 1041 1111 1100 fortes
1124 1059 1164 1100 ne

181 1117 203 1145 ‘⁴
213 1113 269 1190 ipsi
283 1115 399 1190 quidem
414 1117 553 1198 dixerint)
569 1118 647 1176 cives
668 1137 732 1176 esse
745 1120 886 1194 possuntt
906 1119 963 1177 nisi
984 1120 1048 1195 quis
1062 1119 1162 1178 crede

147 1199 354 1268 ro“re·potest
375 1194 474 1270 fuisse,
495 1206 527 1255 ut
548 1197 776 1273 erumpentibus,
802 1198 872 1272 quin
897 1207 1091 1273 erumperent,
1113 1197 1162 1256 ob-

182 1271 313 1330 “sistere
327 1273 423 1331 conati
436 1284 519 1332 sunt:
534 1285 651 1333 autnon
665 1275 794 1334 invidere
808 1295 868 1349 eos,
879 1295 968 1352 quum
982 1275 1164 1334 incolumita·
1249 1293 1250 1310 *

158 1375 160 1378 ’
182 1358 203 1385 “
214 1350 248 1420 ti,
262 1361 324 1408 tum
338 1351 436 1427 gloriae
449 1352 561 1410 illorum
574 1371 626 1428 per
647 1354 780 1411 virtutem
794 1363 892 1429 partas,
906 1371 995 1429 quum
1009 1353 1065 1412 sibi
1079 1354 1161 1412 timo·

181 1429 202 1457 “
211 1445 275 1485 rem
297 1429 498 1504 ignaviamque
519 1431 662 1488 servitutis
683 1432 882 1508 ignominiose
896 1450 1014 1490 causam
1028 1449 1091 1490 esse
1105 1433 1162 1490 sci-

180 1509 274 1563 “ant
316 1505 484 1564 Maluerunt
508 1508 537 1564 in
561 1509 692 1566 tentoriis
712 1509 835 1566 latentes
849 1510 933 1567 simul
957 1511 1053 1569 lucem
1075 1523 1162 1586 atque

145 1603 171 1642 rs
181 1592 201 1620 ‘⁶
215 1583 328 1644 hostem
337 1595 515 1662 exspectare,
530 1605 618 1660 quum
627 1585 741 1643 silentio
755 1587 849 1644 noctis
862 1589 1032 1662 erumpendi
1045 1590 1162 1648 occasio

176 1659 200 1698 '⁴‘
213 1674 299 1721 esset.
342 1664 401 1721 ‘At
415 1664 493 1721 enim
508 1665 544 1720 ad
555 1665 767 1739 erumpendum
780 1683 797 1720 e
811 1665 913 1721 castris
922 1665 1014 1723 defuit
1027 1666 1161 1736 animus3

179 1749 200 1778 ‘⁶
214 1751 223 1776 ‘
236 1743 273 1798 ad
301 1743 422 1812 tutanda
448 1733 557 1800 for'titer
585 1753 679 1800 castra
706 1743 836 1799 animum
855 1742 1035 1801 babuerunt.
1090 1743 1162 1802 Dies

178 1823 392 1895 “‘noctesque
417 1820 525 1894 aliquot
546 1821 665 1889 obsessi,
690 1821 795 1878 vallum
821 1821 918 1894 armis,
943 1840 974 1878 se
998 1821 1052 1895 ipsi
1076 1823 1161 1880 tutati

177 1901 197 1928 “
210 1901 219 1929 ‘
232 1897 307 1957 vallo
331 1909 415 1956 sunt:
437 1899 555 1957 tandem
576 1900 679 1957 ultima
702 1899 765 1956 ausi
784 1899 928 1974 passique,
954 1917 1043 1974 quum
1064 1900 1163 1957 omnia

139 1984 200 2033 αν(
214 1976 366 2035 ‘subsidia
388 1977 454 2034 vitae
478 1978 622 2051 abessent,
651 1977 818 2052 affectisque
841 1976 916 2034 fame
940 1977 1058 2044 viribus,
1081 1995 1162 2038 arma

178 2057 198 2085 “
211 2059 220 2085 ‘
229 2053 293 2130 jam
317 2055 458 2114 sustinere
481 2057 642 2132 nequirent,
664 2055 887 2114 necessitatibus
908 2055 1000 2132 magis
1014 2055 1160 2126 humanis,
1249 2127 1250 2135 ἵ

176 2141 197 2168 “
211 2141 220 2168 ⁴
233 2133 322 2207 quim
337 2134 433 2202 armis,
448 2135 516 2192 victi
531 2136 616 2192 sunt!
658 2134 731 2192 Orto
745 2135 814 2202 sole,
829 2133 919 2192 hostis
940 2135 978 2191 ad
991 2133 1098 2192 vallum
1113 2153 1159 2192 ac

175 2221 196 2248 ‘¹
208 2211 317 2269 cessit:
340 2223 407 2270 ante
431 2214 590 2270 secundam
607 2213 717 2280 horam,
732 2213 841 2270 nullam
866 2213 1011 2271 fortunam
1026 2213 1159 2270 certami-

176 2293 194 2320 “
207 2289 258 2346 nis
272 2291 392 2364 experti,
413 2291 594 2349 tradiderunt
613 2311 693 2348 arma
705 2287 748 2348 'ac
762 2310 793 2348 se
808 2291 893 2366 ipsos.
935 2291 1010 2348 Haec
1024 2291 1105 2349 vobis
1118 2291 1162 2368 ip·

135 2370 196 2434 ff
209 2385 310 2423 sorum
333 2385 384 2442 per
408 2367 529 2425 biduum
549 2369 652 2425 militia
675 2369 747 2424 fuit:
768 2387 857 2443 quum
880 2369 911 2425 in
934 2369 997 2425 acie
1023 2376 1098 2427 stare
1122 2373 1169 2427 ac¹

176 2453 344 2520 “pugnare
365 2445 597 2517 decuerat-tum
619 2447 649 2501 in
674 2456 768 2502 castra
791 2447 975 2520 refugerunt:
997 2464 1086 2520 quum
1106 2463 1159 2522 pro

175 2521 287 2579 “vallo
309 2522 499 2598 pugnandum
523 2532 594 2588 erat,
616 2532 711 2578 castra
733 2522 923 2588 tradiderunt,
938 2539 1032 2595 neque
1048 2524 1079 2580 in
1093 2525 1158 2582 acie

175 2610 305 2675 “neque
320 2600 466 2658 incastris
490 2599 598 2657 utiles·
623 2599 685 2656 Vos
708 2599 872 2655 redimaml
893 2616 983 2671 quum
1007 2617 1159 2675 erumpere

175 2689 197 2716 ‘⁴
210 2679 315 2738 castris
328 2688 448 2755 oportet,
460 2677 640 2736 cunctamini
652 2695 686 2734 ac
701 2677 842 2733 manetis:
857 2694 946 2750 quum
959 2693 1087 2746 manere,
1096 2696 1163 2754 cas,

136 2785 164 2826 30
175 2762 196 2791 ‘⁴
207 2768 253 2816 tra
266 2757 353 2816 tutari
368 2757 454 2815 armis
478 2774 599 2815 necesse
623 2764 675 2827 est,
690 2765 720 2812 et
733 2765 828 2812 castra
840 2764 870 2812 et
883 2773 962 2812 arma
976 2764 1006 2812 et
1019 2774 1068 2815 vos
1081 2755 1158 2832 ipsos

176 2835 324 2895 “traditis
347 2836 431 2894 hosti.
474 2835 539 2912 Ego
560 2855 619 2893 non
642 2833 735 2910 magis
758 2833 827 2892 istos
845 2833 1038 2906 redimendos,
1057 2833 1158 2894 Patres

177 2926 198 2954 “
208 2915 376 2991 conscripti,
390 2933 507 2985 censeo,
521 2912 609 2988 quam
620 2913 684 2971 illos
698 2913 845 2970 dedendos
859 2911 1028 2980 Hannibali,
1043 2913 1092 2989 qui
1104 2933 1156 2990 per

177 3000 196 3026 ‘⁸
209 2993 321 3050 medios
334 2995 430 3052 hostes
454 3013 471 3052 e
496 2992 597 3061 castris
611 3002 778 3070 eruperunt,
795 3010 830 3049 ac
847 3009 899 3068 per
912 3009 1055 3068 summam
1070 2993 1156 3052 virtu·

177 3078 270 3130 “tem
284 3090 314 3130 se
328 3073 427 3150 patriae
441 3055 710 3184 restituerunt.'')(
1012 3081 1022 3085 “

110 3159 164 3300 >4
219 3227 300 3286 LXI.
322 3229 476 3304 Postquam
491 3228 620 3287 Manlius
633 3228 714 3297 dixit,
726 3245 898 3304 quamquam
912 3226 1029 3286 Patrum
1043 3245 1155 3306 quoque

174 3306 328 3382 plerosque
352 3308 457 3382 captivi
479 3309 651 3384 cognatione
665 3308 855 3384 attingebant,
874 3318 977 3385 praeter
991 3309 1155 3383 exemplum
1177 3370 1179 3374 ,

176 3385 304 3442 civitatis
317 3383 436 3442 minime
450 3385 480 3442 in
496 3387 622 3462 captivos
633 3387 782 3477 J'Qe
797 3387 953 3463 antiquitus
967 3385 1154 3460 indulgentis,

176 3462 312 3541 pecuniae
336 3482 448 3539 quoque
473 3483 585 3522 summa
598 3467 730 3524 hommes
744 3465 851 3523 movit:
872 3464 939 3540 quia
952 3482 1008 3521 nec
1023 3463 1155 3520 aerarium

176 3541 343 3615 exhaurire,
357 3541 464 3618 magnai
484 3543 544 3619 jam
558 3545 670 3601 summa
683 3545 800 3622 erqgatd
818 3543 849 3600 in
863 3560 959 3600 servos
973 3541 1009 3598 ad
1023 3541 1156 3600 militiam
1249 3597 1250 3600 ,

135 3643 164 3684 ro
176 3621 319 3680 emendos
340 3622 558 3696 armandosque,
573 3641 629 3680 nec
654 3617 860 3688 Hannibalem,
885 3618 1012 3677 maxime
1033 3618 1155 3694 hujusce

175 3699 220 3758 rei
236 3699 282 3778 (ut
296 3699 372 3776 fama
385 3702 460 3780 erat)
474 3711 618 3778 egentem,
631 3702 800 3776 locupletari
814 3698 955 3756 volebant.
976 3695 1079 3758 Quum
1091 3697 1156 3756 tris-

175 3789 207 3836 te
230 3797 409 3857 responsum,
425 3789 514 3838 “non
536 3780 640 3916 rlessdimi
664 3776 822 3854 captivos,”
836 3774 982 3834 redditum
1005 3785 1091 3844 esset,
1106 3793 1156 3838 no·
