2556 4314
81 283 171 355 'eo
269 319 273 327 ·
533 295 709 356 mrrnrvu
789 319 793 328 ·

111 504 115 511 ,
130 447 174 498 est
186 437 244 497 ita:
267 447 286 516 *ξ
298 438 411 516 Jupiter
425 449 515 516 pater,
527 439 551 500 si
565 450 610 497 est
622 439 675 507 fas,
687 427 767 496 hunc
781 437 909 496 Numam
923 437 1108 517 Pompilium,

124 518 243 596 “cujus
266 537 322 596 ego
340 529 430 594 caput
451 529 546 588 teneo,
570 537 669 596 regem
690 518 795 577 Rome
817 537 891 591 esse,
915 517 959 576 uti
978 530 1010 578 tu
1023 521 1110 598 signa

40 607 45 618 '
131 597 245 656 “nobis
259 609 340 656 certa
361 599 532 656 adolartssis
555 599 630 657 inter
644 617 694 656 eos
715 595 798 666 fines,
812 617 884 672 quos
898 597 985 658 feci.”
1014 598 1108 658 Tum

128 678 241 754 peregit
264 677 360 736 verbis
383 677 524 756 auspicia,
548 697 612 754 quae
640 677 714 734 mitti
736 675 845 748 vellet;
872 676 977 752 quibus
1001 678 1107 754 missit,

129 756 293 816 declaratus
306 777 358 815 rex
369 756 472 817 Numa
483 758 522 814 de
535 757 643 834 templo
657 754 817 817 descendit
842 832 853 862 s
936 841 938 844 Ι
973 775 974 784 ’
1128 767 1143 807 s

168 913 256 972 XIX.
276 911 350 987 Qui,
364 933 455 990 regno
478 913 518 970 ita
530 911 648 988 potitus,
662 909 764 970 urbem
788 931 903 980 novam,
916 913 1065 972 conditam
1078 914 1107 973 vi

37 1035 43 1046 .
128 1002 158 1050 et
171 994 267 1066 armis,
279 994 343 1070 jure
365 1012 430 1050 eam
451 991 620 1068 legibusque
642 1009 677 1048 uc
701 991 830 1050 moribus
854 993 891 1048 de
911 991 1026 1068 integro
1039 1011 1108 1052 con·

128 1070 197 1130 dere
210 1081 310 1148 parat:
332 1072 436 1147 quibus
450 1090 539 1144 quum
553 1071 629 1128 inter
650 1071 727 1128 bella
741 1069 908 1144 assuescere
922 1071 1034 1129 videret
1046 1091 1107 1132 non

126 1167 221 1228 posse,
235 1151 340 1226 quippe
354 1151 487 1226 efferatos
501 1149 613 1217 militie,
629 1149 757 1220 animos3
772 1150 965 1225 mitigandum
979 1151 1106 1211 ferocem
1178 1214 1180 1219 ,

126 1229 263 1304 populum
288 1248 431 1286 armorum
453 1229 646 1287 desuetudine
667 1237 756 1296 ratus,
779 1228 887 1286 Janum
912 1229 948 1286 ad
972 1229 1141 1293 infimumru

128 1307 302 1384 Argiletum,
327 1309 456 1366 indicem
482 1308 564 1383 pacis
590 1308 725 1382 bellique,
751 1308 840 1365 fecit:
873 1318 988 1384 apertus
1015 1317 1048 1366 ut
1073 1309 1105 1368 in

127 1387 214 1444 armis
237 1406 300 1444 esse
325 1387 481 1458 civitatem,
496 1387 613 1444 clausus
634 1397 752 1462 pacatos
767 1387 846 1444 circi
859 1407 961 1444 omnes
973 1384 1104 1464 populos,
1121 1399 1125 1406 '

127 1463 312 1540 significaret.
354 1466 405 1522 Bis
428 1465 534 1522 deinde
548 1471 623 1542 post
636 1465 667 1522 N
669 1485 743 1522 umae
765 1485 886 1542 regnum
901 1467 1018 1524 clausus
1031 1466 1104 1524 suit:

127 1544 216 1601 semel
230 1544 269 1602 Τ.
284 1544 396 1603 Manlio
417 1544 547 1611 consule,
561 1555 625 1620 post
646 1544 791 1614 Punicum
805 1546 929 1622 primum
942 1544 1105 1620 perfectum

126 1621 253 1694 bellum;
275 1623 379 1680 iterum
405 1621 494 1700 (quod
508 1634 612 1680 nostrae
638 1624 715 1680 aetati
729 1623 779 1688 Dii
793 1624 936 1681 dederunt
949 1633 982 1682 ut
994 1623 1141 1682 videre-15

126 1702 204 1781 mus)
216 1713 280 1778 post
293 1703 400 1760 bellum
415 1702 581 1775 Actiacum,
594 1703 630 1758 ab
644 1701 815 1778 imperatore
830 1703 946 1760 Caesare
960 1703 1104 1780 Auguste,

125 1799 198 1856 pace
212 1782 287 1839 terrt
303 1777 433 1855 marique
445 1782 534 1856 partd.
576 1781 687 1838 Clauso·
705 1799 751 1848 eo,
766 1799 854 1854 quum
869 1782 999 1840 omnium
1024 1779 1106 1839 circd

126 1857 313 1927 finitimorum
327 1859 464 1917 societate
479 1878 514 1916 ac
538 1858 695 1918 foederibus
706 1860 849 1934 junxisset
868 1859 989 1928 animos,
1003 1859 1104 1934 positis

126 1949 310 1998 externorum
331 1938 524 2014 periculorum
548 1939 636 2010 curis,
651 1956 687 1994 ne
702 1937 916 1995 luxuriarentur
928 1937 987 1996 otio
1002 1937 1102 2008 animi,

125 2036 197 2094 quos
222 2027 317 2084 metus
350 2015 475 2073 hostium
502 2016 712 2093 disciplinaque
738 2016 874 2073 militarie
898 2017 1140 2088 continuerat35tc

126 2095 256 2155 omniurn
268 2095 413 2172 primum,
427 2113 489 2152 rem
514 2097 550 2152 ad
571 2095 787 2154 multitudinem
811 2096 984 2172 imperitam,
999 2107 1029 2154 et
1047 2097 1103 2155 illis

126 2175 239 2233 saeoulis
248 2169 365 2242 rudem,
374 2169 622 2242 efficacissimam,
636 2174 766 2231 Deorum
787 2171 896 2232 metum
911 2175 1102 2252 injiciendum

125 2265 204 2313 ratus
217 2264 279 2312 est:
301 2254 350 2329 qui
363 2271 451 2328 quum
465 2254 643 2310 descendere
658 2254 694 2308 ad
709 2253 819 2310 animos
838 2255 900 2309 sine
915 2254 1010 2327 aliquo
1024 2271 1103 2312 com·

125 2344 224 2392 mento
235 2333 368 2392 miraculi
379 2352 437 2390 non
445 2342 553 2408 posset,
565 2331 680 2389 simulat
692 2331 746 2387 sibi
761 2347 829 2388 cum
843 2331 907 2388 Des
918 2331 1025 2408 Egerit
1035 2351 1103 2392 con·

125 2431 240 2489 gressus
253 2424 409 2471 nocturnos
422 2431 507 2480 esse;
528 2411 590 2488 ejus
614 2427 645 2468 se
666 2409 789 2477 monitu,
813 2429 876 2484 quae
901 2412 1140 2486 acceptissimam

125 2492 191 2550 Diis
203 2504 310 2566 essent,
318 2511 400 2550 sacra
414 2491 563 2548 instituere
575 2510 584 2560 ς
606 2487 771 2558 sacerdotes
781 2489 962 2566 suos-cuique
973 2490 1102 2549 Deorum

124 2571 282 2648 praelicere.
303 2573 400 2647 Atque
412 2569 541 2628 omnium
552 2570 687 2646 primum,
703 2569 739 2626 ad
754 2587 870 2626 cursum
885 2569 973 2638 lunae,
987 2570 1018 2627 in
1032 2570 1104 2626 duo-

125 2652 222 2721 decim
229 2670 345 2710 menses
355 2650 493 2708 describit
504 2669 614 2708 annum
626 2669 633 2706 2
648 2668 733 2724 quem
744 2648 826 2730 (quie
835 2649 961 2706 tricenos
973 2649 1035 2706 dies
1046 2649 1104 2706 sin·

124 2731 200 2806 gulis
211 2731 359 2788 mensibus
369 2727 442 2786 luna
455 2749 515 2786 non
536 2731 641 2806 explet,
656 2729 816 2800 desuntque
827 2728 890 2783 dies
905 2727 996 2788 solido
1015 2745 1101 2795 ann0,

46 2826 48 2830 ·
124 2809 173 2884 qui
188 2809 328 2878 solstitiali
342 2808 550 2881 circumagitur
563 2809 647 2884 orbe)
663 2803 883 2862 intercalaribus
896 2803 1046 2866 mensibus
1060 2806 1103 2861 in·
1112 2822 1139 2862 ou
1163 2818 1168 2824 ’

125 2881 367 2964 terponendis‚its
375 2886 560 2961 dispensavit,
570 2892 712 2957 utquarto
723 2892 752 2937 et
761 2881 900 2956 vigesimo
912 2901 988 2940 anno
1000 2881 1103 2942 adme-

125 2978 184 3025 tam
197 2966 330 3024 eamdem
344 2965 421 3036 solis,
432 2965 510 3020 unde
523 2963 580 3021 orsi
595 2970 701 3028 essent,
711 2961 805 3035 plenis
816 2979 958 3020 annorum
971 2963 1102 3022 omnium

125 3045 299 3123 spatiis-dies
311 3053 512 3120 congruerent.
554 3041 637 3097 Idem
652 3039 778 3096 nefastos
793 3040 855 3096 dies
869 3040 1013 3116 fastosque
1022 3041 1101 3117 fecit,

124 3125 192 3201 quia
205 3121 358 3199 aliquando
372 3121 443 3178 nihil
457 3139 525 3178 cum
538 3119 643 3198 populo
657 3119 704 3203 agi
723 3119 795 3186 utile
809 3119 937 3177 futurum
951 3131 1020 3178 erat.

164 3281 235 3340 XX.
256 3280 337 3338 Turn
360 3270 556 3336 sacerdotibus
577 3276 711 3336 creandis
731 3277 862 3334 animum
875 3276 991 3352 adjecit,
1005 3295 1139 3353 quam-³5

125 3380 211 3438 quam
234 3361 295 3437 ipse
319 3359 443 3435 plurima
466 3377 549 3416 sacra
571 3358 678 3426 obibat,
694 3353 729 3414 ea
742 3357 880 3429 maxime,
894 3376 957 3431 quae
971 3375 1051 3414 nunc
1061 3358 1102 3416 ad

125 3440 242 3501 Dialem
266 3439 413 3498 flaminem
434 3439 589 3514 pertinent.
646 3437 714 3510 Sed,
736 3435 804 3511 quia
822 3437 852 3493 in
880 3436 996 3493 civitate
1010 3436 1103 3494 belli·

126 3523 193 3580 cose
217 3519 314 3596 plures
340 3518 470 3586 Romuli,
494 3519 580 3593 quam
604 3516 721 3584 Numae,
746 3515 854 3573 similes
877 3513 962 3591 reges
984 3516 1104 3591 putabat

126 3602 197 3674 fore,
212 3599 357 3674 iturosque
378 3599 455 3675 ipsos
479 3599 515 3654 ad
539 3596 625 3670 bella,
638 3615 676 3654 ne
701 3595 883 3672 sacraregiae
905 3594 977 3652 vicis
991 3595 1103 3651 desere·

125 3690 235 3752 rentur,
248 3678 397 3737 flaminem
411 3677 476 3736 Jovi
490 3677 637 3734 assiduum
654 3677 834 3748 sacerdotem
849 3671 1139 3748 creavitsinsignim

125 3777 181 3836 que
195 3777 263 3818 eum
285 3768 365 3820 veste
386 3768 416 3818 et
436 3757 530 3818 curuli
551 3757 632 3836 regit
653 3755 723 3816 sellt
747 3755 915 3817 adornavit:
937 3751 1006 3811 huic
1029 3751 1103 3810 duos
