2520 4310
66 327 75 338 ·
103 335 161 398 tot
498 335 569 410 rrrr
586 325 673 386 trru

101 479 170 540 tlibi
182 479 314 558 pertinax
334 477 365 537 in
387 477 461 536 mall
479 479 545 555 Jam
561 497 611 554 spe
632 477 764 554 proelium
785 487 880 560 essen
902 474 1079 556 Hasdrubal,

100 561 150 635 qui
171 563 206 617 ea
229 570 310 636 parte
330 568 460 635 preerat,
483 557 641 616 subductos
664 575 700 614 ex
724 557 819 614 medie
839 555 910 614 acie
924 556 1079 637 Numidas,

100 640 168 714 quia
181 638 279 714 segnis
292 656 392 696 eorum
416 655 483 694 cum
505 637 631 693 adversis
651 655 751 711 pugna
763 645 834 702 erat,
850 636 887 692 ad
909 654 1081 712 persequen-

6 705 15 720 ’
101 717 153 774 dos
176 717 282 792 passim
313 715 458 790 fugientes
479 715 585 772 mittit:
613 715 761 789 Hispanos
785 724 815 770 et
835 714 943 780 (lallos¹
957 717 1079 791 pedites,
1141 713 1142 720 '

6 847 9 856 .
98 795 159 873 jam
173 795 254 853 afris
267 794 353 870 prope
368 793 546 866 fessja'caede
560 795 652 868 magis
665 793 873 868 quem-pugni,
888 793 1029 870 adjungit.
1103 800 1117 840 ⁵

141 957 255 1016 XLIX.
277 954 361 1013 Parte
376 951 466 1012 alteri
479 969 584 1028 pugna
598 951 715 1020 Paulus,
732 969 905 1032 quamquam
918 953 1012 1028 primo
1026 963 1081 1012 sta·

6 1085 8 1090 .
101 1037 154 1096 tim
177 1036 278 1113 proelio
299 1033 389 1092 sunda
402 1033 536 1108 'graviter
560 1032 635 1089 ictus
658 1031 760 1104 fuerat,
785 1042 882 1088 tamen
906 1043 935 1090 et
952 1033 1080 1092 occurrit

102 1135 178 1192 saepe
192 1129 260 1173 cum
283 1113 421 1171 consertis
443 1111 612 1183 Hannibali,
636 1122 665 1167 et
679 1111 787 1185 aliquot
805 1110 876 1167 locis
888 1113 1018 1186 proelium
1032 1131 1079 1170 re·

100 1195 202 1262 stituit,
227 1191 444 1269 protegentibus
463 1209 530 1247 eum
545 1189 689 1265 equitibus
703 1190 867 1258 Romanis3
888 1191 999 1248 omissis
1011 1211 1077 1266 pos-

101 1272 193 1331 tremd
206 1273 298 1348 equis,
311 1271 379 1346 quia
392 1270 540 1328 consulem
555 1281 584 1328 et
598 1270 634 1326 ad
647 1270 809 1344 regendum
822 1288 928 1344 equum
940 1271 1015 1327 vires
1028 1272 1117 1328 de-1⁰

101 1351 247 1410 ficisbaut.
289 1351 368 1409 Tum
382 1349 564 1407 denuntianti
579 1349 706 1421 cuidam,
728 1348 847 1425 jussisse
872 1350 1021 1406 consulem
1043 1350 1080 1408 ad

100 1431 190 1508 pedes
223 1431 402 1488 descendere
435 1429 557 1504 equites,
591 1428 699 1484 dixisse
734 1429 930 1486 Hannibalem
966 1429 1079 1487 lerunt:

9 1527 11 1532 ’
63 1557 81 1564 -
103 1510 234 1572 “Quem
248 1510 374 1582 mallem,
396 1509 508 1565 vinctos
529 1507 600 1564 mihi
615 1507 786 1580 traderetll’‘
827 1507 964 1583 Equitum
980 1509 1081 1584 pedes-

103 1599 146 1648 tre
159 1590 303 1666 proelium‚
317 1588 401 1664 quale
422 1587 482 1663 jam
497 1588 574 1644 haud
599 1587 836 1644 dubib.hostium
859 1588 988 1660 victorii,
1009 1588 1078 1657 suit3

102 1688 192 1744 quum
206 1669 273 1726 victi
288 1669 360 1726 mori
382 1667 411 1724 in
426 1667 546 1742 vestigio
560 1667 688 1733 mallent,
703 1666 790 1741 quim
804 1667 926 1742 fugerc3
947 1668 1079 1739 victores,
1092 1671 1116 1711 1⁵
1145 1673 1147 1675 ’

103 1749 282 1805 morantibus
306 1745 455 1804 victoriam
479 1746 554 1813 irati,
583 1745 771 1819 trucidarent,
796 1765 868 1821 quos
891 1746 996 1822 pellere
1022 1765 1080 1804 non

99 1859 102 1864 Α
141 1837 244 1885 terant.
286 1827 463 1901 Pepulerunt
483 1836 581 1882 tamen
603 1825 662 1900 jam
683 1844 790 1899 paucos
809 1837 982 1900 superantes,
997 1836 1027 1880 et
1039 1825 1080 1882 la-

144 1925 174 1963 ra
188 1925 223 1963 ac
238 1906 403 1963 vulneribus
417 1905 514 1961 fessos.
556 1904 629 1961 Inde
641 1904 770 1979 dissipati
781 1923 881 1962 omnes
892 1915 966 1976 sunt,
978 1923 1080 1978 equos-
1119 1926 1126 1936 ·

105 2003 161 2060 que
175 1985 211 2041 ad
224 1984 332 2060 sugam,
345 1984 394 2058 qui
407 1993 548 2058 poterant,
572 1984 750 2059 repetebant.
765 1979 771 1990 '
791 1984 847 2042 Cn.
868 1984 1018 2050 Lentulus,
1033 1983 1082 2040 tri·
1154 2055 1158 2063 Ι

106 2064 203 2120 bonus
216 2064 349 2130 militum,
364 2081 463 2137 quum,
477 2065 689 2136 praetervehens
702 2083 786 2138 equo,
801 2065 950 2120 sedentem
966 2063 995 2120 in
1010 2082 1081 2121 saxo
1091 2068 1118 2109 2⁰

107 2160 209 2200 cruore
230 2142 375 2216 oppletum
400 2141 549 2199 consulem
573 2143 709 2212 vidisset3
731 2148 750 2173 “
762 2143 795 2199 L.
821 2143 951 2213 AEmili,”
977 2143 1081 2216 inquit,

108 2225 128 2254 “
138 2240 224 2296 quem
239 2239 329 2278 unum
343 2221 485 2278 insontem
500 2222 593 2297 culpae
608 2222 700 2278 cladis
713 2222 857 2279 hodiernae
871 2221 921 2277 Dii
935 2223 1082 2295 respicere

109 2304 128 2333 “
140 2301 257 2367 debent,
271 2319 342 2375 cape
357 2301 436 2368 hunc
460 2319 575 2375 equum,
600 2302 670 2358 dum
685 2312 714 2358 et
733 2301 785 2358 tibi
800 2301 900 2358 virium
914 2300 1022 2374 aliquid
1037 2319 1085 2357 su-

109 2382 128 2411 “
140 2390 254 2454 perest:
276 2398 374 2437 comes
397 2398 451 2455 ego
474 2389 502 2436 te
526 2381 625 2440 tollere
649 2400 766 2456 possum
779 2399 825 2437 vac
847 2390 1017 2456 protegere:
1047 2399 1084 2436 ne

109 2457 283 2516 “funestam
307 2459 383 2516 hanc
407 2475 533 2534 pugnam
558 2471 649 2518 morte
671 2460 799 2518 consulis
823 2459 935 2517 feceris.
967 2459 1118 2524 'Etiamffi

110 2540 129 2570 “
140 2539 203 2595 sine
217 2539 283 2606 hoc,
294 2537 485 2614 lacrymarum
499 2539 567 2596 satis
580 2540 730 2614 luctdsque
744 2541 816 2596 est.''
849 2539 898 2596 Ad
912 2558 948 2596 ea
961 2539 1083 2597 consul:

111 2625 131 2654 “
142 2616 191 2674 Tu
206 2618 332 2693 quidem,
357 2618 412 2675 Cn.
435 2618 563 2692 Corneli,
578 2629 673 2677 macte
687 2619 791 2676 virtute
806 2617 886 2678 esto!
930 2620 988 2676 Sed
1003 2637 1083 2687 cave,

112 2695 246 2754 “frustra
262 2697 442 2764 miserando,
463 2698 600 2773 exiguum
624 2708 738 2773 tempus
762 2717 778 2754 c
803 2698 937 2755 manibus
961 2698 1084 2756 hostiurn

113 2775 284 2830 “evadendi
298 2775 440 2832 absumas'.
482 2777 551 2849 Abi,
565 2776 667 2835 nuntia
686 2776 803 2852 publice
818 2777 961 2843 Patribus,
983 2776 1084 2832 urbem

112 2851 307 2907 “Romanam
323 2855 462 2922 muniant,
478 2873 512 2912 ac
526 2856 614 2930 priris,
633 2857 719 2932 quim
734 2856 823 2914 hostis
836 2857 926 2914 victor
940 2855 1119 2928 adventata

47 2933 50 2939 '
114 2927 283 3004 ‘'praesidiis
310 2929 439 2988 firment:
468 2934 655 3010 privatimque
681 2934 722 2996 Q.
746 2935 847 3003 Fabio,
872 2935 906 2992 L.
934 2934 1084 2992 AEmilium

113 3011 352 3082 “praceptorum
375 3009 438 3080 ejus
458 3029 613 3070 memorem
637 3024 667 3071 et
691 3014 805 3081 vixisse,
832 3026 862 3071 et
883 3015 979 3070 adhuc
1003 3013 1084 3070 mori.

115 3089 133 3118 “
146 3083 237 3141 Mein
253 3085 308 3140 hac
321 3092 416 3160 strage
427 3087 550 3144 militum
561 3110 691 3148 meorum
704 3103 802 3168 patere
813 3093 968 3166 exspirare,
983 3111 1022 3169 ne
1036 3102 1086 3148 aut

114 3166 133 3196 “
145 3180 211 3220 reus
224 3163 328 3238 iterum
349 3182 365 3219 e
380 3164 531 3221 consulatu
555 3169 620 3238 sim,
638 3179 851 3228 autaccusator
865 3170 983 3244 collega
998 3170 1086 3227 ersis-

115 3251 216 3309 utam,
239 3251 271 3298 ut
298 3240 392 3300 alieno
419 3243 540 3300 crimine
567 3244 764 3302 innocentiam
787 3267 881 3316 meam
906 3248 1120 3324 protegam.''³s

114 3318 189 3382 Haec
210 3320 359 3396 exigentes
380 3321 457 3397 priris
471 3321 554 3379 turba
577 3323 751 3397 fugientium
771 3324 888 3393 civium,
902 3325 1008 3382 deinde
1023 3328 1087 3384 hos·

114 3411 168 3474 tes,
191 3403 376 3476 oppressere:
406 3400 564 3470 consulem,
587 3401 752 3476 ignorantes
773 3403 836 3478 quis
857 3411 943 3474 esset,
963 3404 1086 3462 obruere
1170 3436 1174 3444 ·

58 3503 60 3506 ·
113 3479 199 3549 telis:
219 3477 376 3556 Lentulum
391 3479 465 3536 inter
477 3478 631 3536 tumultum
645 3481 769 3556 abripuit
782 3482 882 3556 equus.
924 3481 1004 3539 Tum
1018 3483 1087 3539 inde

113 3555 206 3616 effuse
221 3557 343 3633 lugiunt,
385 3559 502 3631 Septem
528 3557 617 3615 millia
638 3559 787 3618 hominum
812 3560 842 3616 iu
857 3560 969 3617 minora
983 3571 1086 3633 castra,

114 3635 217 3693 decem
230 3636 261 3692 in
275 3636 391 3711 majora,
405 3636 464 3692 duo
485 3634 574 3692 ferme
598 3637 628 3694 in
650 3637 745 3696 vicum
770 3640 865 3714 ipsum
886 3638 1004 3696 Cannas
1024 3651 1121 3714 per-ro

114 3711 268 3787 fugerunt-3
286 3712 339 3786 qui
352 3712 495 3786 extemplo
509 3730 526 3766 a
539 3713 714 3773 Carthalone
729 3727 813 3791 atque
837 3718 993 3792 equitibus,
1007 3717 1088 3775 nullo

106 3789 294 3848 ⁴ruuniruonto
325 3790 442 3866 tegente
482 3788 589 3860 vicum,
623 3792 816 3852 circumventi
849 3806 927 3854 sunt.
978 3793 1088 3854 Consu
