2520 4310
89 307 169 385 236'
493 321 564 372 τιτι
579 321 666 376 nrvu

91 469 184 526 “tum
207 464 265 524 vim
285 461 424 524 Fortuna
444 462 626 540 Martemque
647 461 715 523 belii
728 481 927 540 communem,
941 486 1067 546 propone

91 545 228 604 “animo.
270 543 420 626 Utrimque
444 543 562 612 ferrum,
586 542 707 620 corpora
729 541 859 604 humana
877 556 981 606 erunt:
1001 568 1069 609 nas·

91 627 210 700 “quam
232 621 328 704 minus
351 623 444 700 quim·
457 621 490 682 in
512 622 598 692 bello,
622 633 743 698 eventus
771 625 957 700 respondent.
999 627 1068 686 Non

91 706 110 739 “
121 712 233 762 tantum
247 703 284 760 ad
305 702 345 775 id,
359 702 436 778 quod
456 703 523 761 datd
536 721 610 778 pace
627 703 687 780 jam
702 702 809 762 babere
822 713 915 779 potes,
929 705 957 762 si
968 707 1079 781 proelio-

91 784 112 818 ‘¹
122 781 232 851 uncas,
246 779 345 862 gloriae
359 781 509 860 adjeceris,
523 781 829 857 quantumademeris,
840 783 865 842 si
877 783 946 860 quid
956 785 1068 846 adversi
1091 796 1103 835 ⁵

90 857 244 920 “eveniat
286 861 379 920 Simul
387 861 940 939 parteacsperatadecorauninshorae
953 863 1069 923 fortuna

78 944 246 1000 ·“orertere
258 949 360 1017 potest.
402 939 511 999 Omnia
530 939 561 998 in
574 959 647 1016 pace
665 940 815 1017 jungendi
833 950 891 1000 tuae
904 943 1069 1018 postestatis

90 1021 109 1050 “
121 1029 198 1092 sunt,
212 1020 245 1077 P.
260 1019 399 1080 Cornelia
419 1028 491 1078 tunc
504 1036 540 1078 ea
560 1018 696 1076 habenda
709 1019 823 1079 fortuna
836 1020 901 1091 erit,
915 1040 1003 1096 quam
1017 1021 1067 1080 Dii

90 1097 262 1157 “dederint
317 1097 398 1158 Inter
425 1117 521 1174 pauca
554 1097 700 1156 felicitatis
733 1098 900 1174 virtutisque
933 1101 1066 1176 exempla

89 1174 158 1234 “M.
181 1175 289 1234 Atilius
313 1175 459 1251 quondam
472 1177 504 1235 in
526 1177 583 1236 hac
606 1177 709 1234 eidem
720 1178 798 1235 terra
812 1177 919 1246 luisset,
933 1178 958 1236 si
973 1178 1103 1238 victor1⁰

89 1262 108 1292 ‘⁶
118 1271 222 1330 pacem
235 1255 401 1331 petentibus
413 1255 542 1314 dedisset
554 1255 684 1331 patribus
694 1255 819 1315 nostris:
839 1275 898 1314 non
911 1259 1066 1318 statuendo

88 1338 106 1365 “
117 1333 235 1392 tandem
248 1333 380 1392 felicitati
393 1335 522 1407 modum,
536 1353 592 1392 nec
605 1335 770 1394 cohibendo
783 1335 953 1394 efferentem
966 1355 999 1394 se
1011 1335 1068 1396 ior-

61 1465 66 1476 ,
88 1420 227 1481 “tunam
251 1411 358 1488 quantb
382 1401 583 1495 altids⁴elatus
596 1410 668 1482 era't,
682 1412 718 1472 ed
732 1402 973 1474 foeduT'o‘offiir.
1014 1415 1068 1474 Est

88 1490 233 1565 “quidem
252 1491 325 1568 ejus,
349 1491 398 1566 qni
422 1491 481 1565 dat,
504 1509 564 1551 non
586 1492 636 1566 qui
656 1491 739 1568 petit,
763 1492 948 1556 conditiones
967 1493 1067 1559 dicere

88 1577 108 1606 “
118 1570 219 1646 pacis:
239 1570 291 1628 sed
305 1569 423 1628 forsitan
436 1589 496 1629 non
517 1569 631 1647 indigni
655 1572 755 1640 simus,
778 1573 829 1648 qui
850 1573 994 1632 nobismet
1010 1572 1064 1649 ipsi
1077 1581 1103 1624 1⁵

88 1655 107 1684 ‘⁴
119 1648 239 1706 multam
252 1649 421 1726 irrogemus.
461 1647 530 1707 Non
543 1667 722 1718 recusamus,
744 1652 815 1727 quin
829 1652 938 1725 omnia,
951 1661 1067 1730 propter

88 1734 108 1764 ‘⁶
118 1745 183 1802 quta
196 1727 304 1786 bellum
318 1727 423 1786 initum
446 1736 500 1796 est,
516 1738 610 1788 vestre
629 1729 697 1797 sint,
713 1729 825 1804 Sicilia,
840 1731 984 1803 Sardinia,
999 1731 1067 1790 His·

88 1804 214 1881 “panim
228 1806 367 1882 quidquid
391 1805 550 1864 insularum
573 1816 633 1866 toto
655 1807 730 1866 inter
747 1809 880 1868 Africam
894 1808 1064 1885 Italiamque
1157 1875 1160 1882 ¹

88 1891 108 1920 “
119 1884 284 1944 continetur
308 1883 389 1943 mari.
431 1883 698 1961 Carthaginienses,
720 1883 827 1945 inclusi
847 1886 956 1946 Africa
976 1888 1064 1947 litori·

88 1961 183 2031 “bus,
205 1981 255 2022 vos
278 1962 407 2040 (quando
437 1963 478 2022 ita
498 1963 563 2022 Diis
583 1963 707 2056 placuit)
733 1976 854 2025 externa
875 1966 963 2026 etiam
988 1967 1103 2026 tentat

88 2043 107 2072 “
118 2041 247 2115 marique
269 2041 418 2100 videamus
442 2051 577 2118 regentes
600 2043 740 2120 impetra..
773 2044 862 2103 Haud
886 2046 1078 2123 negaverim,-

88 2122 230 2196 “propter
251 2138 314 2177 non
335 2119 423 2178 nimis
436 2121 550 2180 sincere
563 2122 683 2197 petitam
697 2134 746 2182 aut
759 2135 957 2200 exspectatam
972 2143 1064 2201 nuper

88 2200 106 2228 “
116 2215 230 2274 pacem,
255 2207 419 2274 suspectam
439 2218 503 2258 esse
527 2201 608 2259 vobis
629 2201 771 2260 Punicam
793 2201 896 2260 fidem:
928 2203 1069 2278 multum,-

87 2278 107 2308 “
115 2295 166 2352 per
176 2295 247 2352 quos
259 2277 349 2353 petita
362 2277 408 2346 sit,
423 2278 460 2336 ad
481 2278 569 2337 fidem
582 2281 699 2339 tuendae
712 2280 790 2358 pacis
803 2280 938 2356 pertinet,
953 2281 1065 2357 Scipio.
1114 2280 1117 2286 ’

87 2353 215 2414 “Vestri
237 2374 349 2432 qnoque
371 2353 418 2433 (ut
440 2357 542 2436 audio)
567 2358 668 2418 Patres
692 2359 823 2419 nonnihil
836 2359 926 2417 etiam
946 2360 985 2419 ob
998 2361 1103 2431 hoc,2⁵

88 2443 108 2471 ‘⁶
116 2433 184 2510 quia
196 2434 464 2513 parnm'dignitatis
474 2437 505 2495 in
519 2437 665 2515 legatione
678 2448 750 2508 erat,
759 2448 939 2515 negaverunt
953 2457 1065 2516 pacem.

88 2513 269 2574 “Hannibal
292 2525 359 2593 peto
382 2534 502 2592 pacemr
532 2516 581 2592 qui
605 2536 699 2593 neque
723 2528 863 2593 peterem,
887 2517 945 2576 nisi
967 2518 1067 2578 utilem
1110 2589 1114 2595 ,

88 2598 106 2625 “
117 2595 286 2670 crederem:
320 2605 350 2654 et
376 2604 490 2672 propter
519 2596 653 2654 eamdem
684 2597 839 2656 utilitatem
861 2597 976 2656 tuebor·
991 2616 1065 2666 eam,

88 2681 233 2752 “propter
246 2693 333 2752 quarn
345 2675 435 2751 potii:
455 2685 495 2744 et,
509 2675 762 2750 quemadmodum,
787 2675 885 2750 quiae
898 2695 945 2734 me
959 2676 1066 2734 bellum

88 2755 109 2784 “
118 2765 247 2844 emptum
260 2762 314 2822 est,
328 2767 466 2829 nequem
489 2754 552 2830 ejus
572 2754 735 2830 poeniteret,
760 2755 855 2830 quoad
868 2755 924 2832 ipsi
937 2755 1065 2815 invidere
1073 2765 1101 2806 ³⁰

87 2839 108 2940 Σ*
120 2827 187 2899 Der,
209 2832 346 2937 praefiuti3
367 2833 408 2892 ita
430 2829 554 2903 annitar,
578 2852 617 2892 ne
637 2853 727 2912 quem
750 2834 833 2910 pacis
845 2853 896 2911 per
916 2852 962 2893 me
975 2845 1064 2910 parte

99 2909 265 2986 ‘poeniteat

26 3128 34 3138 ,
127 3066 247 3127 ΧΧΧΙ.
268 3067 417 3128 Adversus
437 3071 504 3132 haec
528 3071 685 3147 imperator
695 3070 849 3148 Romanus
863 3071 893 3130 in
915 3072 993 3132 hanc
1007 3069 1066 3130 fere

88 3147 263 3208 sententiam
275 3149 433 3226 respondit.
473 3148 574 3208 “Non
584 3169 632 3210 me
646 3150 770 3224 fallebat,
785 3151 944 3218 Hannibal,
960 3151 1068 3209 adven-

89 3227 165 3286 “tus
191 3227 234 3287 tui
255 3247 306 3305 spo
335 3227 591 3306 Carthaginienses
618 3240 650 3308 et
680 3229 852 3306 praesentem
879 3229 1101 3288 induciarumas

89 3305 218 3378 “fidem,
232 3318 262 3366 et
275 3318 354 3386 spe'm
397 3307 457 3366 acis
470 3307 619 3373 turbasse:
640 3328 734 3386 neque
755 3320 787 3369 tn
806 3310 835 3368 id
850 3309 919 3368 sane
933 3308 1068 3368 dissimu-
1141 3317 1144 3322 '
1195 3361 1203 3375 ,

88 3393 107 3422 “
118 3388 171 3463 las,
185 3387 235 3464 qui
249 3389 285 3448 de
307 3407 364 3448 oon
385 3385 522 3448 itionibus
543 3388 737 3464 superioribus
749 3389 832 3468 pacis
845 3388 1067 3448 omniasubtra·

42 3481 45 3488 ’
88 3477 108 3506 “
119 3469 182 3542 has,
196 3477 298 3544 praeter
321 3484 366 3541 ea,
386 3485 450 3543 que
468 3467 529 3544 jttm
549 3468 661 3545 pridem
675 3469 706 3527 in
724 3469 820 3528 nostra
833 3478 974 3546 potestate
988 3467 1064 3525 siant

4 3569 12 3588 ·
89 3548 274 3621 “Ceterdm,
299 3546 374 3606 siout
396 3546 449 3605 tibi
471 3565 548 3606 oure
561 3558 615 3616 est,
638 3548 744 3607 sentire
769 3548 848 3607 cives
868 3558 943 3622 tuos,
958 3555 1067 3624 quanto

88 3638 170 3704 “per
191 3638 220 3686 te
243 3645 331 3687 onere
344 3626 496 3697 leventur;
517 3627 560 3686 sic
573 3627 645 3686 mibi
658 3627 847 3688 laborandum
870 3637 924 3695 est,
939 3645 986 3694 ne,
1001 3642 1066 3702 quae
1075 3637 1101 3679 to

4 3721 6 3724 ·
88 3711 189 3764 “tunc
213 3705 394 3782 pepigerunt,
417 3705 503 3765 hodie
521 3707 669 3766 subtracta
691 3727 728 3767 ex
743 3707 960 3767 conditionibus
972 3704 1064 3783 pacis,

87 3783 375 3858 “pramiaperfidire
389 3785 523 3844 habeant.
555 3785 698 3862 indigni,
717 3775 822 3863 quibus
843 3787 948 3846 eadem
968 3792 1066 3861 pateat
