2520 4310
128 339 189 401 274
531 311 706 386 mn'mvu

167 481 237 542 XV.
259 489 280 520 ⁸⁸
289 479 375 545 Quin
397 491 439 553 tn,
459 481 566 539 omind
579 479 634 539 int
656 479 801 539 noctnmd
813 477 922 552 tabuit,
937 481 975 540 ad
989 481 1019 540 id
1031 487 1111 560 quod

128 568 149 598 ⁸⁸
158 563 250 631 doles,
272 563 348 640 qnod
378 560 545 644 [invidiam]
567 561 634 635 urit,
657 561 831 618 reverteris!
884 555 966 618 ‘Cur'
989 579 1111 640 nsquam

129 651 150 681 ⁸⁸
162 651 171 682 ⁸
182 643 266 720 regni
278 641 321 700 tui
335 643 445 700 mentio
457 641 499 710 fit,
514 640 670 700 Demetrii
691 659 744 699 cur
757 639 872 718 dignior
885 641 976 718 patris
989 641 1112 704 fortune

129 732 333 782 ⁸⁸⁸successor
356 721 527 799 quibusdum
547 721 663 795 rideris,
685 720 771 796 quim
792 721 868 798 egoi
889 739 944 780 cur
956 741 1039 798 spem
1051 739 1114 782 me-

130 809 151 842 ⁸⁸
162 807 172 836 ⁸
182 821 240 876 am,
254 821 327 879 qne,
341 803 366 861 si
379 813 412 860 tu
425 820 484 860 non
505 819 593 873 esses,
607 811 687 860 certe
698 810 771 869 erat,
781 801 901 858 dubiam
915 812 945 859 et
957 801 1113 872 sollicitum
1134 819 1149 858 5

130 891 151 920 ⁸⁸
161 891 171 922 ⁸
183 882 255 940 iacis
265 885 295 940 i'
337 882 413 941 Hac
426 882 515 941 sentit
528 881 661 950 Perseus,
682 881 737 938 etsi
750 899 809 938 non
831 880 924 938 dicit:
946 883 1010 940 haec
1022 884 1112 942 istum

130 965 150 994 ‘⁸
162 962 323 1035 inimicum,
346 964 409 1022 brec
431 971 630 1022 accusatorem
651 959 782 1018 fuciunt:
804 961 868 1018 brec
892 961 1022 1031 domum,
1047 963 1112 1022 brec

131 1049 151 1079 ⁸⁸
162 1060 285 1119 regnum
308 1052 399 1114 tuum,
414 1042 585 1101 criminibus
605 1050 636 1098 et
655 1039 868 1116 suspicionibus
882 1040 1005 1118 replent
1046 1042 1112 1120 Ego

71 1135 74 1142 ’
130 1128 151 1159 ⁸⁸
160 1133 268 1192 autem,
286 1132 378 1196 pater,
392 1121 634 1196 quemadmodum
656 1138 714 1177 nec
735 1137 817 1177 nuuc
840 1137 954 1196 sperare
975 1141 1110 1196 regnum,

129 1206 148 1234 ‘⁸
156 1219 213 1258 nec
226 1200 373 1276 ambigere
396 1219 524 1276 unquam
546 1201 583 1258 de
596 1218 632 1257 eo
656 1199 776 1258 forsitan
789 1199 919 1272 debeam,
933 1199 1000 1275 quia
1013 1201 1110 1259 minor
1120 1219 1148 1258 10

129 1287 236 1353 ⁸⁸sum,
249 1279 317 1355 quie
337 1289 370 1337 tu
393 1297 440 1336 me
453 1277 555 1356 majori
576 1279 683 1336 cedere
707 1279 770 1348 vis3
792 1279 836 1337 sic
856 1279 927 1336 iliud
950 1297 1008 1336 nec
1021 1280 1112 1338 debui

128 1357 264 1432 “facere
277 1377 334 1418 nec
355 1357 456 1430 debeo,
474 1368 509 1416 nt
528 1358 668 1435 indignus
690 1357 734 1437 [te
746 1359 853 1438 patre]
869 1357 1009 1435 indignus
1021 1359 1115 1418 omni·

131 1440 212 1497 ⁸⁸bus
225 1440 344 1498 videet:
365 1439 395 1496 id
409 1439 488 1497 enim
502 1438 579 1496 vitiis
591 1439 673 1510 meis,
695 1457 755 1498 non
769 1437 914 1507 cedendo,
928 1439 977 1496 cui
995 1439 1043 1516 jus
1057 1439 1113 1497 bs-

131 1523 151 1553 ⁸⁸
160 1537 217 1595 que
231 1529 284 1591 est,
299 1536 358 1576 uon
372 1518 523 1586 modestis,
545 1536 714 1593 consequar.
735 1519 889 1578 &menos
901 1518 1004 1595 objicis
1018 1519 1112 1590 mihi3

131 1607 151 1636 ⁸⁸
162 1608 192 1656 et
215 1617 261 1672 ea,
284 1617 349 1674 quae
372 1598 470 1675 glorie
493 1615 559 1655 esse
579 1597 699 1666 debent,
719 1598 750 1655 in
772 1599 886 1656 crimen
900 1599 994 1655 vertis.
1036 1597 1148 1676 Ego,15

132 1683 215 1736 “nec
239 1679 324 1736 obses
345 1677 488 1736 Romanis
507 1687 541 1736 ut
560 1676 700 1745 traderer,
725 1695 782 1734 nec
802 1688 836 1735 ut
856 1677 970 1754 legatus
983 1677 1114 1736 mitterer

130 1767 151 1796 ⁸⁸
160 1758 296 1830 Romam,
319 1756 408 1836 petii:
437 1775 455 1813 a
479 1771 509 1814 te
537 1756 643 1813 missus
666 1756 708 1813 ire
729 1753 789 1814 non
810 1758 961 1815 recusavi:
992 1765 1113 1833 utroque

131 1843 288 1914 '‘tempore
309 1836 350 1894 ita
373 1855 420 1894 me
442 1835 530 1914 gessi,
550 1854 590 1893 ne
610 1835 663 1893 tibi
687 1833 801 1911 pudori,
823 1855 862 1894 nc
883 1855 974 1913 regno
997 1846 1057 1905 tuo,
1073 1855 1112 1894 ne

131 1918 244 1996 “genti
268 1915 465 1974 Macedonum
491 1933 594 1972 essem.
648 1913 751 1991 Iteque
777 1914 850 1974 mihi
870 1933 940 1973 cum
966 1915 1113 1974 Romanis

131 1997 298 2056 “amicitie
320 2013 409 2054 cause
432 2005 464 2053 tu
487 1994 687 2070 fuisti-pater.
727 1993 838 2056 Quoad
861 2004 960 2052 tecum
983 1995 1042 2052 illis
1055 2007 1150 2071 pareo

131 2076 298 2146 “manebit,
318 2093 433 2133 mecum
456 2093 570 2150 quoqne
590 2074 684 2152 gratia
706 2074 781 2132 erit:
802 2074 828 2132 si
847 2074 957 2132 bellum
977 2091 1042 2132 esse
1056 2093 1115 2134 coe·

132 2160 150 2190 ⁸⁸
158 2155 242 2232 perit,
255 2154 305 2230 qui
317 2155 411 2224 obses,
423 2153 472 2228 qui
486 2155 600 2230 legatus
611 2173 663 2230 pro
676 2164 757 2229 patre
767 2173 826 2210 non
840 2153 952 2211 inutilis
967 2153 1019 2226 firi,
1034 2153 1115 2213 idem

133 2244 153 2272 ⁸⁸
162 2235 252 2293 bostis
275 2233 331 2290 illis
352 2233 530 2290 accerrimus
552 2251 611 2290 ero.
665 2231 733 2290 Nec
752 2233 847 2299 bodie,
873 2243 905 2288 ut
923 2233 1015 2306 prosit
1037 2233 1114 2290 mihi

132 2313 256 2390 “grutia
276 2311 487 2380 Romanorum,
510 2311 642 2388 postulo;
663 2331 705 2370 ne
722 2310 805 2379 obsit,
818 2311 930 2369 tantum
951 2311 1114 2386 deprecere

132 2402 152 2432 ‘⁸
164 2411 220 2451 nec
234 2392 265 2450 in
288 2391 364 2452 beilo
383 2391 480 2468 coepit,
494 2409 552 2450 nec
566 2393 603 2449 ad
617 2392 725 2449 bellum
739 2398 908 2450 reservatur.
951 2389 1151 2468 Panapig-es

132 2482 219 2532 “nus
233 2472 289 2545 fui3
309 2472 344 2530 ad
359 2489 461 2548 pacem
475 2471 657 2530 retinendam
681 2469 919 2554 legatusimissus
940 2487 1022 2527 sum:
1043 2487 1114 2527 neu·

133 2560 206 2612 ⁸⁸tra
231 2571 278 2612 res
301 2553 373 2611 mihi
393 2555 470 2610 neci
495 2550 574 2610 loriae
598 2569 656 2608 nec
676 2550 793 2609 crimini
814 2550 859 2608 sit,
900 2548 976 2627 Ego,
998 2549 1022 2606 si
1044 2549 1112 2624 quid

133 2639 152 2672 ⁸⁸
164 2633 251 2711 impie
265 2633 295 2690 iu
309 2643 348 2702 te,
362 2642 453 2709 pater,
467 2571 575 2758 &quid
588 2629 728 2690 scelerate
745 2631 776 2688 iu
791 2630 909 2688 fratrem
922 2628 1034 2701 admisi,
1049 2627 1114 2686 nui·

134 2723 154 2754 ⁸⁸
163 2713 221 2773 lem
234 2714 373 2790 deprecor
386 2731 519 2791 poenamr
541 2712 565 2770 si
578 2712 721 2770 innocens
735 2729 809 2782 sum,
824 2728 863 2768 ne
876 2709 987 2769 invidit
1007 2706 1115 2766 confle-
1191 2732 1193 2735 ·
1250 2745 1254 2766 «,

135 2803 155 2832 “
167 2811 258 2870 grem,
273 2812 361 2868 quum
375 2793 497 2851 crimine
510 2796 569 2855 'non
581 2792 699 2873 possim,
714 2791 862 2868 deprecor.
884 2789 952 2848 Non
960 2783 1052 2846 'nodie
1065 2805 1114 2844 me
1125 2814 1152 2856 ³0

135 2873 290 2948 “primum
312 2872 398 2930 frater
421 2883 558 2943 accusat3
580 2872 631 2930 sed
655 2871 743 2930 bodie
766 2869 893 2947 primbm
912 2867 1017 2946 aperte,
1032 2866 1115 2926 nulio

136 2961 155 2992 ⁸⁸
166 2969 232 3010 meo
245 2951 275 3009 in
290 2970 321 3009 se
334 2953 446 3011 merito.
489 2954 522 3011 Si
541 2952 613 3010 mibi
626 2962 707 3028 pater
721 2959 918 3023 succenseret,
934 2960 962 3007 te
975 2947 1114 3024 majorem

136 3037 153 3066 ⁸⁸
163 3031 279 3089 fratrem
303 3049 354 3108 pro
378 3034 489 3092 minore
511 3031 661 3111 deprecari
684 3015 845 3107 oportffit,
858 3026 1115 3099 teadolescentiae,
1171 3055 1176 3062 ·
1253 3027 1254 3034 ’

137 3115 155 3146 ⁸⁸
164 3121 192 3169 te
206 3110 305 3184 errori,
330 3111 444 3171 veniam
468 3113 641 3189 impetrare:
663 3111 694 3170 in
718 3129 763 3180 eo,
787 3109 838 3168 ubi
859 3107 1026 3186 praesidium
1051 3123 1117 3164 esse

71 3195 74 3199 ’
136 3197 156 3226 “
169 3190 326 3268 oportebat,
340 3190 381 3247 ibi
395 3191 514 3249 exitium
528 3203 581 3250 est„
622 3191 649 3249 E
663 3191 796 3250 convivio
815 3199 845 3247 et
862 3186 1118 3246 comissationibus
1125 3209 1155 3250 ,³⁵
1179 3247 1183 3254 ,

137 3283 157 3312 ⁸⁸
168 3271 255 3350 prope
269 3269 461 3329 semisomnus
473 3282 572 3348 raptus
585 3288 650 3330 sum
664 3271 700 3328 ad
715 3287 833 3346 causam
852 3265 1000 3351 parricidii
1014 3265 1118 3322 dicenss

137 3355 253 3414 “dam:
275 3351 338 3410 sine
364 3350 518 3420 advocatis,
543 3351 607 3410 sino
631 3351 769 3428 patronis,
791 3351 853 3426 ipsc
876 3362 928 3424 pro
951 3365 999 3404 me
1018 3345 1119 3402 dicere

138 3444 158 3473 ⁸⁸
167 3453 263 3512 cogor.
305 3433 338 3491 Si
360 3451 412 3510 pro
434 3431 490 3490 alio
503 3431 661 3490 dicendum
684 3441 769 3503 esset,
789 3440 903 3504 tempus
917 3425 955 3483 ad
975 3424 1119 3514 meditan-

137 3519 157 3548 ⁸⁸
168 3513 238 3572 dnm
262 3523 291 3572 et
304 3512 533 3590 componendam
554 3512 713 3571 orationem
734 3510 930 3587 sumpsissem,
944 3523 1033 3580 quum
1047 3501 1120 3578 quid

139 3603 158 3634 ⁸⁸
170 3593 259 3668 aliud,
272 3591 358 3669 quim
373 3592 484 3670 ingenii
497 3592 581 3664 femi,
596 3590 795 3668 periclitareri
838 3587 970 3665 Ignarus,
991 3583 1060 3660 quid
1075 3599 1120 3639 ar·
1130 3607 1156 3648 40
1253 3659 1254 3666 ἵ

139 3683 159 3714 ⁸⁸
171 3674 293 3731 cessitus
305 3691 409 3745 essem,
424 3685 453 3730 te
478 3673 581 3732 iretum
594 3659 792 3748 etflubentem
806 3669 906 3726 dicere
920 3681 1049 3735 causam,
1064 3661 1120 3720 fra·

139 3756 243 3808 “trem
267 3762 453 3808 accusantem
468 3751 572 3808 audivi.
615 3749 669 3807 Ille
692 3750 743 3806 diu
756 3749 824 3806 ante
843 3744 1012 3824 preparati,
1027 3741 1121 3800 medi·

141 3831 161 3868 ⁸⁸
171 3829 241 3895 tati,
264 3828 294 3884 in
318 3847 365 3886 me
388 3830 517 3890 oratione
540 3839 584 3886 est
607 3847 693 3886 usus:
715 3847 770 3905 ego
783 3827 814 3885 id
835 3825 948 3885 tantdm
971 3820 1121 3898 temporis,
1154 3831 1157 3839 '
