<?xml version="1.0" encoding="UTF-8"?>
<!DOCTYPE html PUBLIC "-//W3C//DTD XHTML 1.0 Transitional//EN"
    "http://www.w3.org/TR/xhtml1/DTD/xhtml1-transitional.dtd">
<html xmlns="http://www.w3.org/1999/xhtml" xml:lang="en" lang="en">
 <head>
  <title>
</title>
<meta http-equiv="Content-Type" content="text/html;charset=utf-8" />
  <meta name='ocr-system' content='tesseract 3.04.00' />
  <meta name='ocr-capabilities' content='ocr_page ocr_carea ocr_par ocr_line ocrx_word'/>
</head>
<body>
  <div class='ocr_page' id='page_1' title='image "./historiarumetse03livygoog_0272.png"; bbox 0 0 2520 4310; ppageno 0'>
   <div class='ocr_carea' id='block_1_1' title="bbox 470 339 1253 404">
    <p class='ocr_par' dir='ltr' id='par_1_1' title="bbox 470 339 1253 404">
     <span class='ocr_line' id='line_1_1' title="bbox 470 339 1253 404; baseline -0.005 -8"><span class='ocrx_word' id='word_1_1' title='bbox 470 343 579 396; x_wconf 70' lang='lat' dir='ltr'>lellll</span> <span class='ocrx_word' id='word_1_2' title='bbox 588 343 739 396; x_wconf 68' lang='lat' dir='ltr'>meur.</span> <span class='ocrx_word' id='word_1_3' title='bbox 756 357 820 396; x_wconf 74' lang='lat' dir='ltr'>car.</span> <span class='ocrx_word' id='word_1_4' title='bbox 830 358 883 394; x_wconf 79' lang='lat' dir='ltr'>arr.</span> <span class='ocrx_word' id='word_1_5' title='bbox 1103 339 1162 404; x_wconf 64' lang='lat' dir='ltr'><strong><em>m</em></strong></span> <span class='ocrx_word' id='word_1_6' title='bbox 1251 395 1253 402; x_wconf 24' lang='lat' dir='ltr'>s</span> 
     </span>
    </p>
   </div>
   <div class='ocr_carea' id='block_1_2' title="bbox 105 485 1169 2208">
    <p class='ocr_par' dir='ltr' id='par_1_2' title="bbox 105 485 1167 808">
     <span class='ocr_line' id='line_1_2' title="bbox 105 485 1165 566; baseline 0.004 -22"><span class='ocrx_word' id='word_1_7' title='bbox 105 541 108 544; x_wconf 87' lang='lat'>.</span> <span class='ocrx_word' id='word_1_8' title='bbox 190 491 210 522; x_wconf 79' lang='lat'>‘⁸</span> <span class='ocrx_word' id='word_1_9' title='bbox 220 485 364 558; x_wconf 75' lang='lat' dir='ltr'><strong>Quirites,</strong></span> <span class='ocrx_word' id='word_1_10' title='bbox 378 505 447 546; x_wconf 91' lang='lat' dir='ltr'>cum</span> <span class='ocrx_word' id='word_1_11' title='bbox 460 486 628 547; x_wconf 70' lang='lat' dir='ltr'>Hannibale</span> <span class='ocrx_word' id='word_1_12' title='bbox 638 497 669 546; x_wconf 89' lang='lat' dir='ltr'>et</span> <span class='ocrx_word' id='word_1_13' title='bbox 689 485 988 566; x_wconf 79' lang='lat' dir='ltr'>Carthaginiensibus,</span> <span class='ocrx_word' id='word_1_14' title='bbox 1001 485 1093 566; x_wconf 81' lang='lat' dir='ltr'>signis</span> <span class='ocrx_word' id='word_1_15' title='bbox 1104 485 1165 548; x_wconf 85' lang='lat' dir='ltr'>eol·</span> 
     </span>
     <span class='ocr_line' id='line_1_3' title="bbox 190 565 1164 644; baseline 0 -18"><span class='ocrx_word' id='word_1_16' title='bbox 190 570 210 601; x_wconf 77' lang='lat'>⁸⁶</span> <span class='ocrx_word' id='word_1_17' title='bbox 221 568 296 636; x_wconf 88' lang='lat' dir='ltr'>latis,</span> <span class='ocrx_word' id='word_1_18' title='bbox 310 568 341 626; x_wconf 91' lang='lat' dir='ltr'>in</span> <span class='ocrx_word' id='word_1_19' title='bbox 356 567 458 627; x_wconf 72' lang='lat' dir='ltr'>Africi</span> <span class='ocrx_word' id='word_1_20' title='bbox 481 567 556 626; x_wconf 76' lang='lat' dir='ltr'>bene</span> <span class='ocrx_word' id='word_1_21' title='bbox 580 585 616 626; x_wconf 90' lang='lat' dir='ltr'>ac</span> <span class='ocrx_word' id='word_1_22' title='bbox 638 567 760 626; x_wconf 81' lang='lat' dir='ltr'>feliciter</span> <span class='ocrx_word' id='word_1_23' title='bbox 773 566 909 644; x_wconf 84' lang='lat' dir='ltr'>pugnari.</span> <span class='ocrx_word' id='word_1_24' title='bbox 950 565 1061 644; x_wconf 89' lang='lat' dir='ltr'>Itaque,</span> <span class='ocrx_word' id='word_1_25' title='bbox 1074 583 1164 643; x_wconf 85' lang='lat' dir='ltr'>quum</span> 
     </span>
     <span class='ocr_line' id='line_1_4' title="bbox 190 645 1166 724; baseline 0.002 -20"><span class='ocrx_word' id='word_1_26' title='bbox 190 649 211 680; x_wconf 77' lang='lat'>‘⁶</span> <span class='ocrx_word' id='word_1_27' title='bbox 219 646 305 713; x_wconf 84' lang='lat' dir='ltr'>bodie</span> <span class='ocrx_word' id='word_1_28' title='bbox 318 647 417 705; x_wconf 93' lang='lat' dir='ltr'>litibus</span> <span class='ocrx_word' id='word_1_29' title='bbox 430 657 460 705; x_wconf 89' lang='lat' dir='ltr'>et</span> <span class='ocrx_word' id='word_1_30' title='bbox 470 645 573 724; x_wconf 86' lang='lat' dir='ltr'>jurgiis</span> <span class='ocrx_word' id='word_1_31' title='bbox 586 646 767 722; x_wconf 79' lang='lat' dir='ltr'>supersederi</span> <span class='ocrx_word' id='word_1_32' title='bbox 781 665 894 722; x_wconf 78' lang='lat' dir='ltr'>equum</span> <span class='ocrx_word' id='word_1_33' title='bbox 904 645 951 714; x_wconf 85' lang='lat' dir='ltr'>sit,</span> <span class='ocrx_word' id='word_1_34' title='bbox 966 665 1021 724; x_wconf 83' lang='lat' dir='ltr'>ego</span> <span class='ocrx_word' id='word_1_35' title='bbox 1034 645 1104 706; x_wconf 92' lang='lat' dir='ltr'>binc</span> <span class='ocrx_word' id='word_1_36' title='bbox 1117 663 1166 706; x_wconf 77' lang='lat' dir='ltr'>ex·</span> 
     </span>
     <span class='ocr_line' id='line_1_5' title="bbox 191 723 1167 808; baseline 0 -24"><span class='ocrx_word' id='word_1_37' title='bbox 191 727 211 758; x_wconf 89' lang='lat'><strong>“</strong></span> <span class='ocrx_word' id='word_1_38' title='bbox 218 726 325 802; x_wconf 87' lang='lat' dir='ltr'>templo</span> <span class='ocrx_word' id='word_1_39' title='bbox 336 725 366 784; x_wconf 93' lang='lat' dir='ltr'>in</span> <span class='ocrx_word' id='word_1_40' title='bbox 377 726 551 802; x_wconf 79' lang='lat' dir='ltr'><strong>Capitolium</strong></span> <span class='ocrx_word' id='word_1_41' title='bbox 560 725 597 783; x_wconf 89' lang='lat' dir='ltr'>ad</span> <span class='ocrx_word' id='word_1_42' title='bbox 610 725 713 808; x_wconf 73' lang='lat' dir='ltr'>Jorem</span> <span class='ocrx_word' id='word_1_43' title='bbox 724 724 874 802; x_wconf 90' lang='lat' dir='ltr'>Optimum</span> <span class='ocrx_word' id='word_1_44' title='bbox 888 724 1061 799; x_wconf 81' lang='lat' dir='ltr'>Maximum,</span> <span class='ocrx_word' id='word_1_45' title='bbox 1074 723 1094 782; x_wconf 85' lang='lat' dir='ltr'><strong>J</strong></span> <span class='ocrx_word' id='word_1_46' title='bbox 1095 741 1167 784; x_wconf 87' lang='lat' dir='ltr'>uuo·</span> 
     </span>
    </p>

    <p class='ocr_par' dir='ltr' id='par_1_3' title="bbox 167 803 1168 1197">
     <span class='ocr_line' id='line_1_6' title="bbox 167 803 1166 882; baseline 0.004 -24"><span class='ocrx_word' id='word_1_47' title='bbox 167 806 210 858; x_wconf 67' lang='grc' dir='ltr'>ι’*</span> <span class='ocrx_word' id='word_1_48' title='bbox 220 821 345 882; x_wconf 86' lang='lat' dir='ltr'>nemque</span> <span class='ocrx_word' id='word_1_49' title='bbox 369 817 398 863; x_wconf 93' lang='lat' dir='ltr'>et</span> <span class='ocrx_word' id='word_1_50' title='bbox 419 805 592 873; x_wconf 82' lang='lat' dir='ltr'>Minervam,</span> <span class='ocrx_word' id='word_1_51' title='bbox 606 815 782 880; x_wconf 81' lang='lat' dir='ltr'>ceterosque</span> <span class='ocrx_word' id='word_1_52' title='bbox 801 804 890 873; x_wconf 87' lang='lat' dir='ltr'>Deos,</span> <span class='ocrx_word' id='word_1_53' title='bbox 904 804 955 880; x_wconf 89' lang='lat' dir='ltr'>qui</span> <span class='ocrx_word' id='word_1_54' title='bbox 968 803 1111 881; x_wconf 84' lang='lat' dir='ltr'>Capitolio</span> <span class='ocrx_word' id='word_1_55' title='bbox 1124 811 1166 862; x_wconf 85' lang='lat' dir='ltr'>at·</span> 
     </span>
     <span class='ocr_line' id='line_1_7' title="bbox 191 883 1166 960; baseline 0 -18"><span class='ocrx_word' id='word_1_56' title='bbox 191 892 211 920; x_wconf 78' lang='lat'>‘⁴</span> <span class='ocrx_word' id='word_1_57' title='bbox 222 901 278 960; x_wconf 90' lang='lat' dir='ltr'>que</span> <span class='ocrx_word' id='word_1_58' title='bbox 302 884 363 942; x_wconf 89' lang='lat' dir='ltr'>arci</span> <span class='ocrx_word' id='word_1_59' title='bbox 376 885 540 960; x_wconf 85' lang='lat' dir='ltr'>praesident,</span> <span class='ocrx_word' id='word_1_60' title='bbox 555 883 721 942; x_wconf 88' lang='lat' dir='ltr'>salutandos</span> <span class='ocrx_word' id='word_1_61' title='bbox 740 883 807 942; x_wconf 80' lang='lat' dir='ltr'>ibor</span> <span class='ocrx_word' id='word_1_62' title='bbox 827 883 929 959; x_wconf 78' lang='lat' dir='ltr'>hisque</span> <span class='ocrx_word' id='word_1_63' title='bbox 942 883 1050 960; x_wconf 85' lang='lat' dir='ltr'>gratias</span> <span class='ocrx_word' id='word_1_64' title='bbox 1069 899 1166 960; x_wconf 80' lang='lat' dir='ltr'>egam,</span> 
     </span>
     <span class='ocr_line' id='line_1_8' title="bbox 191 960 1167 1040; baseline -0.003 -18"><span class='ocrx_word' id='word_1_65' title='bbox 191 965 211 996; x_wconf 91' lang='lat'><strong>“</strong></span> <span class='ocrx_word' id='word_1_66' title='bbox 221 961 297 1040; x_wconf 82' lang='lat' dir='ltr'>qudd</span> <span class='ocrx_word' id='word_1_67' title='bbox 311 963 382 1021; x_wconf 88' lang='lat' dir='ltr'>milri</span> <span class='ocrx_word' id='word_1_68' title='bbox 405 973 436 1021; x_wconf 91' lang='lat' dir='ltr'>et</span> <span class='ocrx_word' id='word_1_69' title='bbox 449 963 581 1040; x_wconf 90' lang='lat' dir='ltr'>hocipso</span> <span class='ocrx_word' id='word_1_70' title='bbox 600 963 659 1036; x_wconf 91' lang='lat' dir='ltr'>die,</span> <span class='ocrx_word' id='word_1_71' title='bbox 682 975 712 1021; x_wconf 89' lang='lat' dir='ltr'>et</span> <span class='ocrx_word' id='word_1_72' title='bbox 725 979 801 1039; x_wconf 76' lang='lat' dir='ltr'>slepe</span> <span class='ocrx_word' id='word_1_73' title='bbox 815 961 895 1030; x_wconf 74' lang='lat' dir='ltr'>uias,</span> <span class='ocrx_word' id='word_1_74' title='bbox 909 961 1025 1040; x_wconf 73' lang='lat' dir='ltr'>egregie</span> <span class='ocrx_word' id='word_1_75' title='bbox 1039 961 1081 1020; x_wconf 92' lang='lat' dir='ltr'>rei</span> <span class='ocrx_word' id='word_1_76' title='bbox 1094 960 1167 1038; x_wconf 90' lang='lat' dir='ltr'>pub·</span> 
     </span>
     <span class='ocr_line' id='line_1_9' title="bbox 192 1041 1167 1119; baseline -0.001 -18"><span class='ocrx_word' id='word_1_77' title='bbox 192 1049 211 1080; x_wconf 85' lang='lat'><strong>“</strong></span> <span class='ocrx_word' id='word_1_78' title='bbox 222 1043 287 1101; x_wconf 81' lang='lat' dir='ltr'>lice</span> <span class='ocrx_word' id='word_1_79' title='bbox 300 1043 435 1119; x_wconf 79' lang='lat' dir='ltr'>gerendae</span> <span class='ocrx_word' id='word_1_80' title='bbox 449 1052 576 1100; x_wconf 84' lang='lat' dir='ltr'>mentem</span> <span class='ocrx_word' id='word_1_81' title='bbox 601 1041 824 1117; x_wconf 78' lang='lat' dir='ltr'>facultatemque</span> <span class='ocrx_word' id='word_1_82' title='bbox 838 1041 989 1100; x_wconf 73' lang='lat' dir='ltr'>dederunt.</span> <span class='ocrx_word' id='word_1_83' title='bbox 1030 1041 1167 1100; x_wconf 79' lang='lat' dir='ltr'>Vestrum</span> 
     </span>
     <span class='ocr_line' id='line_1_10' title="bbox 191 1118 1168 1197; baseline 0 -17"><span class='ocrx_word' id='word_1_84' title='bbox 191 1127 334 1197; x_wconf 88' lang='lat' dir='ltr'>“qnoque</span> <span class='ocrx_word' id='word_1_85' title='bbox 355 1121 459 1196; x_wconf 91' lang='lat' dir='ltr'>quibus</span> <span class='ocrx_word' id='word_1_86' title='bbox 483 1121 667 1180; x_wconf 89' lang='lat' dir='ltr'>commodum</span> <span class='ocrx_word' id='word_1_87' title='bbox 690 1130 744 1193; x_wconf 88' lang='lat' dir='ltr'>est,</span> <span class='ocrx_word' id='word_1_88' title='bbox 765 1121 805 1178; x_wconf 93' lang='lat' dir='ltr'>ite</span> <span class='ocrx_word' id='word_1_89' title='bbox 828 1138 955 1194; x_wconf 89' lang='lat' dir='ltr'>mecum,</span> <span class='ocrx_word' id='word_1_90' title='bbox 976 1118 1118 1192; x_wconf 80' lang='lat' dir='ltr'>Quirites,</span> <span class='ocrx_word' id='word_1_91' title='bbox 1136 1129 1168 1180; x_wconf 86' lang='lat' dir='ltr'>et</span> 
     </span>
    </p>

    <p class='ocr_par' dir='ltr' id='par_1_4' title="bbox 156 1197 1169 1355">
     <span class='ocr_line' id='line_1_11' title="bbox 156 1197 1166 1275; baseline 0 -17"><span class='ocrx_word' id='word_1_92' title='bbox 156 1211 180 1252; x_wconf 81' lang='lat'>1⁰</span> <span class='ocrx_word' id='word_1_93' title='bbox 192 1208 211 1264; x_wconf 60' lang='grc' dir='ltr'>*ἐ</span> <span class='ocrx_word' id='word_1_94' title='bbox 222 1210 301 1260; x_wconf 88' lang='lat' dir='ltr'>orate</span> <span class='ocrx_word' id='word_1_95' title='bbox 315 1199 404 1268; x_wconf 87' lang='lat' dir='ltr'>Deos,</span> <span class='ocrx_word' id='word_1_96' title='bbox 428 1209 461 1258; x_wconf 94' lang='lat' dir='ltr'>ut</span> <span class='ocrx_word' id='word_1_97' title='bbox 474 1200 532 1258; x_wconf 90' lang='lat' dir='ltr'>mei</span> <span class='ocrx_word' id='word_1_98' title='bbox 556 1199 665 1258; x_wconf 90' lang='lat' dir='ltr'>similes</span> <span class='ocrx_word' id='word_1_99' title='bbox 685 1199 832 1275; x_wconf 90' lang='lat' dir='ltr'>principes</span> <span class='ocrx_word' id='word_1_100' title='bbox 855 1199 1005 1258; x_wconf 87' lang='lat' dir='ltr'>babeatis:</span> <span class='ocrx_word' id='word_1_101' title='bbox 1025 1198 1076 1273; x_wconf 90' lang='lat' dir='ltr'>ita,</span> <span class='ocrx_word' id='word_1_102' title='bbox 1088 1197 1114 1258; x_wconf 87' lang='lat' dir='ltr'>si</span> <span class='ocrx_word' id='word_1_103' title='bbox 1128 1197 1166 1258; x_wconf 89' lang='lat' dir='ltr'>ab</span> 
     </span>
     <span class='ocr_line' id='line_1_12' title="bbox 191 1278 1169 1355; baseline 0.001 -18"><span class='ocrx_word' id='word_1_104' title='bbox 191 1286 211 1317; x_wconf 82' lang='lat'>‘⁴</span> <span class='ocrx_word' id='word_1_105' title='bbox 219 1279 304 1338; x_wconf 88' lang='lat' dir='ltr'>annis</span> <span class='ocrx_word' id='word_1_106' title='bbox 318 1279 525 1355; x_wconf 81' lang='lat' dir='ltr'>septemdecim</span> <span class='ocrx_word' id='word_1_107' title='bbox 539 1278 575 1336; x_wconf 91' lang='lat' dir='ltr'>ad</span> <span class='ocrx_word' id='word_1_108' title='bbox 590 1288 770 1337; x_wconf 89' lang='lat' dir='ltr'>senectutem</span> <span class='ocrx_word' id='word_1_109' title='bbox 783 1297 897 1354; x_wconf 85' lang='lat' dir='ltr'>semper</span> <span class='ocrx_word' id='word_1_110' title='bbox 916 1297 967 1338; x_wconf 86' lang='lat' dir='ltr'>ros</span> <span class='ocrx_word' id='word_1_111' title='bbox 979 1288 1094 1338; x_wconf 84' lang='lat' dir='ltr'>etatem</span> <span class='ocrx_word' id='word_1_112' title='bbox 1107 1295 1169 1338; x_wconf 85' lang='lat' dir='ltr'>me·</span> 
     </span>
    </p>

    <p class='ocr_par' dir='ltr' id='par_1_5' title="bbox 175 1356 1168 1592">
     <span class='ocr_line' id='line_1_13' title="bbox 175 1356 1168 1433; baseline 0.001 -17"><span class='ocrx_word' id='word_1_113' title='bbox 175 1367 211 1395; x_wconf 89' lang='lat'>·“</span> <span class='ocrx_word' id='word_1_114' title='bbox 226 1376 272 1416; x_wconf 85' lang='lat' dir='ltr'>arn</span> <span class='ocrx_word' id='word_1_115' title='bbox 287 1359 443 1417; x_wconf 91' lang='lat' dir='ltr'>honoribus</span> <span class='ocrx_word' id='word_1_116' title='bbox 463 1357 566 1415; x_wconf 87' lang='lat' dir='ltr'>restris</span> <span class='ocrx_word' id='word_1_117' title='bbox 585 1356 732 1428; x_wconf 79' lang='lat' dir='ltr'>antelatis,</span> <span class='ocrx_word' id='word_1_118' title='bbox 746 1375 801 1433; x_wconf 86' lang='lat' dir='ltr'>ego</span> <span class='ocrx_word' id='word_1_119' title='bbox 814 1369 923 1416; x_wconf 82' lang='lat' dir='ltr'>vestros</span> <span class='ocrx_word' id='word_1_120' title='bbox 943 1358 1067 1416; x_wconf 87' lang='lat' dir='ltr'>honores</span> <span class='ocrx_word' id='word_1_121' title='bbox 1079 1356 1168 1417; x_wconf 86' lang='lat' dir='ltr'>rebus</span> 
     </span>
     <span class='ocr_line' id='line_1_14' title="bbox 192 1435 1166 1515; baseline 0.001 -20"><span class='ocrx_word' id='word_1_122' title='bbox 192 1445 212 1512; x_wconf 56' lang='grc' dir='ltr'>ἦ*</span> <span class='ocrx_word' id='word_1_123' title='bbox 223 1437 359 1515; x_wconf 82' lang='lat' dir='ltr'>gerendis</span> <span class='ocrx_word' id='word_1_124' title='bbox 372 1435 538 1513; x_wconf 75' lang='lat' dir='ltr'>praecessi.”</span> <span class='ocrx_word' id='word_1_125' title='bbox 578 1436 627 1492; x_wconf 85' lang='lat' dir='ltr'>Ab</span> <span class='ocrx_word' id='word_1_126' title='bbox 635 1435 751 1494; x_wconf 82' lang='lat' dir='ltr'>Rostris</span> <span class='ocrx_word' id='word_1_127' title='bbox 763 1436 795 1494; x_wconf 91' lang='lat' dir='ltr'>in</span> <span class='ocrx_word' id='word_1_128' title='bbox 808 1436 983 1512; x_wconf 84' lang='lat' dir='ltr'>Capitolium</span> <span class='ocrx_word' id='word_1_129' title='bbox 997 1435 1166 1498; x_wconf 82' lang='lat' dir='ltr'>adscendit:</span> 
     </span>
     <span class='ocr_line' id='line_1_15' title="bbox 190 1512 1167 1592; baseline 0.002 -18"><span class='ocrx_word' id='word_1_130' title='bbox 190 1515 322 1574; x_wconf 81' lang='lat' dir='ltr'>simules</span> <span class='ocrx_word' id='word_1_131' title='bbox 347 1516 481 1574; x_wconf 84' lang='lat' dir='ltr'>universa</span> <span class='ocrx_word' id='word_1_132' title='bbox 503 1515 607 1573; x_wconf 90' lang='lat' dir='ltr'>concio</span> <span class='ocrx_word' id='word_1_133' title='bbox 630 1515 741 1583; x_wconf 87' lang='lat' dir='ltr'>avertit,</span> <span class='ocrx_word' id='word_1_134' title='bbox 765 1524 795 1572; x_wconf 89' lang='lat' dir='ltr'>et</span> <span class='ocrx_word' id='word_1_135' title='bbox 808 1526 908 1573; x_wconf 86' lang='lat' dir='ltr'>secuta</span> <span class='ocrx_word' id='word_1_136' title='bbox 921 1516 1088 1592; x_wconf 80' lang='lat' dir='ltr'>Scipionem</span> <span class='ocrx_word' id='word_1_137' title='bbox 1101 1512 1167 1587; x_wconf 71' lang='lat' dir='ltr'>est&#39;t</span> 
     </span>
    </p>

    <p class='ocr_par' dir='ltr' id='par_1_6' title="bbox 156 1593 1169 2208">
     <span class='ocr_line' id='line_1_16' title="bbox 159 1593 1167 1672; baseline 0.006 -24"><span class='ocrx_word' id='word_1_138' title='bbox 159 1607 182 1648; x_wconf 82' lang='lat' dir='ltr'>re</span> <span class='ocrx_word' id='word_1_139' title='bbox 192 1593 274 1670; x_wconf 81' lang='lat' dir='ltr'>adad,</span> <span class='ocrx_word' id='word_1_140' title='bbox 298 1607 330 1669; x_wconf 88' lang='lat' dir='ltr'>ut</span> <span class='ocrx_word' id='word_1_141' title='bbox 343 1593 485 1671; x_wconf 83' lang='lat' dir='ltr'>postremd</span> <span class='ocrx_word' id='word_1_142' title='bbox 507 1594 610 1653; x_wconf 78' lang='lat' dir='ltr'>scribe</span> <span class='ocrx_word' id='word_1_143' title='bbox 623 1594 801 1669; x_wconf 84' lang='lat' dir='ltr'>viatoresque</span> <span class='ocrx_word' id='word_1_144' title='bbox 819 1594 950 1654; x_wconf 89' lang='lat' dir='ltr'>tribunos</span> <span class='ocrx_word' id='word_1_145' title='bbox 963 1596 1167 1672; x_wconf 88' lang='lat' dir='ltr'>relinquerent,</span> 
     </span>
     <span class='ocr_line' id='line_1_17' title="bbox 191 1672 1168 1750; baseline -0.002 -16"><span class='ocrx_word' id='word_1_146' title='bbox 191 1693 249 1734; x_wconf 90' lang='lat' dir='ltr'>nec</span> <span class='ocrx_word' id='word_1_147' title='bbox 262 1693 328 1733; x_wconf 91' lang='lat' dir='ltr'>curn</span> <span class='ocrx_word' id='word_1_148' title='bbox 344 1675 390 1748; x_wconf 86' lang='lat' dir='ltr'>iis,</span> <span class='ocrx_word' id='word_1_149' title='bbox 409 1684 516 1750; x_wconf 73' lang='lat' dir='ltr'>‘preter</span> <span class='ocrx_word' id='word_1_150' title='bbox 529 1673 673 1738; x_wconf 77' lang='lat' dir='ltr'>servilem</span> <span class='ocrx_word' id='word_1_151' title='bbox 697 1672 874 1747; x_wconf 87' lang='lat' dir='ltr'>comitatum,</span> <span class='ocrx_word' id='word_1_152' title='bbox 899 1683 929 1732; x_wconf 90' lang='lat' dir='ltr'>et</span> <span class='ocrx_word' id='word_1_153' title='bbox 941 1692 1105 1749; x_wconf 81' lang='lat' dir='ltr'>preconem</span> <span class='ocrx_word' id='word_1_154' title='bbox 1117 1673 1168 1750; x_wconf 92' lang='lat' dir='ltr'>qui</span> 
     </span>
     <span class='ocr_line' id='line_1_18' title="bbox 191 1745 1169 1828; baseline 0 -16"><span class='ocrx_word' id='word_1_155' title='bbox 191 1772 272 1813; x_wconf 89' lang='lat' dir='ltr'>reum</span> <span class='ocrx_word' id='word_1_156' title='bbox 287 1772 324 1812; x_wconf 87' lang='lat' dir='ltr'>ex</span> <span class='ocrx_word' id='word_1_157' title='bbox 337 1753 453 1812; x_wconf 87' lang='lat' dir='ltr'>Rostris</span> <span class='ocrx_word' id='word_1_158' title='bbox 464 1753 581 1822; x_wconf 87' lang='lat' dir='ltr'>citabat,</span> <span class='ocrx_word' id='word_1_159' title='bbox 590 1753 740 1828; x_wconf 89' lang='lat' dir='ltr'>quisquam</span> <span class='ocrx_word' id='word_1_160' title='bbox 750 1762 836 1811; x_wconf 88' lang='lat' dir='ltr'>esset.</span> <span class='ocrx_word' id='word_1_161' title='bbox 873 1745 986 1828; x_wconf 70' lang='lat' dir='ltr'>Scipio,</span> <span class='ocrx_word' id='word_1_162' title='bbox 995 1771 1056 1816; x_wconf 74' lang='lat' dir='ltr'>um</span> <span class='ocrx_word' id='word_1_163' title='bbox 1066 1751 1098 1812; x_wconf 90' lang='lat' dir='ltr'>in</span> <span class='ocrx_word' id='word_1_164' title='bbox 1111 1752 1169 1812; x_wconf 76' lang='lat' dir='ltr'>Ga·</span> 
     </span>
     <span class='ocr_line' id='line_1_19' title="bbox 192 1831 1167 1911; baseline 0.001 -20"><span class='ocrx_word' id='word_1_165' title='bbox 192 1831 291 1911; x_wconf 90' lang='lat' dir='ltr'>pitolio</span> <span class='ocrx_word' id='word_1_166' title='bbox 305 1831 401 1904; x_wconf 82' lang='lat' dir='ltr'>modd,</span> <span class='ocrx_word' id='word_1_167' title='bbox 410 1833 461 1890; x_wconf 87' lang='lat' dir='ltr'>sed</span> <span class='ocrx_word' id='word_1_168' title='bbox 475 1851 526 1908; x_wconf 93' lang='lat' dir='ltr'>per</span> <span class='ocrx_word' id='word_1_169' title='bbox 539 1842 629 1890; x_wconf 89' lang='lat' dir='ltr'>totam</span> <span class='ocrx_word' id='word_1_170' title='bbox 642 1833 753 1900; x_wconf 91' lang='lat' dir='ltr'>urbem,</span> <span class='ocrx_word' id='word_1_171' title='bbox 767 1831 979 1908; x_wconf 87' lang='lat' dir='ltr'>omniatempla</span> <span class='ocrx_word' id='word_1_172' title='bbox 989 1831 1083 1890; x_wconf 84' lang='lat' dir='ltr'>Derim</span> <span class='ocrx_word' id='word_1_173' title='bbox 1098 1849 1167 1892; x_wconf 87' lang='lat' dir='ltr'>curn</span> 
     </span>
     <span class='ocr_line' id='line_1_20' title="bbox 181 1909 1167 1988; baseline 0 -18"><span class='ocrx_word' id='word_1_174' title='bbox 181 1912 298 1988; x_wconf 89' lang='lat' dir='ltr'>populo</span> <span class='ocrx_word' id='word_1_175' title='bbox 311 1911 447 1972; x_wconf 88' lang='lat' dir='ltr'>Romano</span> <span class='ocrx_word' id='word_1_176' title='bbox 460 1911 615 1970; x_wconf 79' lang='lat' dir='ltr'>circumiit</span> <span class='ocrx_word' id='word_1_177' title='bbox 656 1910 834 1970; x_wconf 75' lang='lat' dir='ltr'>celebratior</span> <span class='ocrx_word' id='word_1_178' title='bbox 855 1911 880 1968; x_wconf 92' lang='lat' dir='ltr'>is</span> <span class='ocrx_word' id='word_1_179' title='bbox 893 1911 980 1987; x_wconf 72' lang='lat' dir='ltr'>prope</span> <span class='ocrx_word' id='word_1_180' title='bbox 995 1911 1058 1969; x_wconf 91' lang='lat' dir='ltr'>dies</span> <span class='ocrx_word' id='word_1_181' title='bbox 1071 1909 1167 1970; x_wconf 85' lang='lat' dir='ltr'>serore</span> 
     </span>
     <span class='ocr_line' id='line_1_21' title="bbox 156 1987 1166 2066; baseline 0.002 -20"><span class='ocrx_word' id='word_1_182' title='bbox 156 2003 183 2044; x_wconf 70' lang='lat' dir='ltr'>ur</span> <span class='ocrx_word' id='word_1_183' title='bbox 192 1990 341 2049; x_wconf 90' lang='lat' dir='ltr'>bominum</span> <span class='ocrx_word' id='word_1_184' title='bbox 356 2001 385 2048; x_wconf 92' lang='lat' dir='ltr'>et</span> <span class='ocrx_word' id='word_1_185' title='bbox 399 1991 586 2049; x_wconf 72' lang='lat' dir='ltr'>estimatione</span> <span class='ocrx_word' id='word_1_186' title='bbox 610 2008 683 2048; x_wconf 79' lang='lat' dir='ltr'>verer</span> <span class='ocrx_word' id='word_1_187' title='bbox 705 1989 914 2066; x_wconf 79' lang='lat' dir='ltr'>magnitudinis</span> <span class='ocrx_word' id='word_1_188' title='bbox 927 1990 990 2066; x_wconf 89' lang='lat' dir='ltr'>ejus</span> <span class='ocrx_word' id='word_1_189' title='bbox 1002 1988 1066 2063; x_wconf 90' lang='lat' dir='ltr'>suit,</span> <span class='ocrx_word' id='word_1_190' title='bbox 1078 1987 1166 2065; x_wconf 82' lang='lat' dir='ltr'>qudur</span> 
     </span>
     <span class='ocr_line' id='line_1_22' title="bbox 191 2067 1167 2208; baseline -0.002 -78"><span class='ocrx_word' id='word_1_191' title='bbox 191 2088 249 2208; x_wconf 46' lang='grc' dir='ltr'>(ἐξω</span> <span class='ocrx_word' id='word_1_192' title='bbox 262 2070 441 2145; x_wconf 85' lang='lat' dir='ltr'>triumphans</span> <span class='ocrx_word' id='word_1_193' title='bbox 461 2071 499 2128; x_wconf 93' lang='lat' dir='ltr'>de</span> <span class='ocrx_word' id='word_1_194' title='bbox 522 2069 656 2146; x_wconf 86' lang='lat' dir='ltr'>Syphace</span> <span class='ocrx_word' id='word_1_195' title='bbox 677 2087 747 2147; x_wconf 86' lang='lat' dir='ltr'>rege</span> <span class='ocrx_word' id='word_1_196' title='bbox 760 2078 790 2128; x_wconf 92' lang='lat' dir='ltr'>et</span> <span class='ocrx_word' id='word_1_197' title='bbox 810 2067 1100 2146; x_wconf 77' lang='lat' dir='ltr'>Carthaginiensibus</span> <span class='ocrx_word' id='word_1_198' title='bbox 1112 2067 1167 2130; x_wconf 80' lang='lat' dir='ltr'>Ur-</span> 
     </span>
     <span class='ocr_line' id='line_1_23' title="bbox 230 2148 470 2208; baseline -0.008 0"><span class='ocrx_word' id='word_1_199' title='bbox 230 2167 260 2208; x_wconf 88' lang='lat' dir='ltr'>m</span> <span class='ocrx_word' id='word_1_200' title='bbox 272 2157 317 2207; x_wconf 89' lang='lat' dir='ltr'>est</span> <span class='ocrx_word' id='word_1_201' title='bbox 329 2148 470 2208; x_wconf 86' lang='lat' dir='ltr'>invectus.</span> 
     </span>
    </p>
   </div>
   <div class='ocr_carea' id='block_1_3' title="bbox 85 2305 1232 3891">
    <p class='ocr_par' dir='ltr' id='par_1_7' title="bbox 85 2305 1232 3891">
     <span class='ocr_line' id='line_1_24' title="bbox 224 2305 1192 2388; baseline -0.005 -16"><span class='ocrx_word' id='word_1_202' title='bbox 224 2305 298 2383; x_wconf 72' lang='lat' dir='ltr'>UI,</span> <span class='ocrx_word' id='word_1_203' title='bbox 319 2310 379 2368; x_wconf 87' lang='lat' dir='ltr'>Hic</span> <span class='ocrx_word' id='word_1_204' title='bbox 400 2311 549 2388; x_wconf 68' lang='lat' dir='ltr'>speciosus</span> <span class='ocrx_word' id='word_1_205' title='bbox 562 2311 680 2370; x_wconf 88' lang='lat' dir='ltr'>ultimus</span> <span class='ocrx_word' id='word_1_206' title='bbox 693 2310 756 2368; x_wconf 89' lang='lat' dir='ltr'>dies</span> <span class='ocrx_word' id='word_1_207' title='bbox 777 2308 810 2368; x_wconf 93' lang='lat' dir='ltr'>P.</span> <span class='ocrx_word' id='word_1_208' title='bbox 825 2308 956 2386; x_wconf 74' lang='lat' dir='ltr'>Scipioni</span> <span class='ocrx_word' id='word_1_209' title='bbox 969 2307 1082 2368; x_wconf 77' lang='lat' dir='ltr'>illuxit:</span> <span class='ocrx_word' id='word_1_210' title='bbox 1102 2315 1167 2385; x_wconf 81' lang='lat' dir='ltr'>post</span> <span class='ocrx_word' id='word_1_211' title='bbox 1183 2321 1192 2338; x_wconf 93' lang='lat'><strong>·</strong></span> 
     </span>
     <span class='ocr_line' id='line_1_25' title="bbox 190 2387 1167 2466; baseline 0.002 -22"><span class='ocrx_word' id='word_1_212' title='bbox 190 2404 278 2462; x_wconf 90' lang='lat' dir='ltr'>quem</span> <span class='ocrx_word' id='word_1_213' title='bbox 300 2407 390 2463; x_wconf 91' lang='lat' dir='ltr'>quum</span> <span class='ocrx_word' id='word_1_214' title='bbox 411 2389 548 2446; x_wconf 88' lang='lat' dir='ltr'>invidiam</span> <span class='ocrx_word' id='word_1_215' title='bbox 573 2399 603 2446; x_wconf 93' lang='lat' dir='ltr'>et</span> <span class='ocrx_word' id='word_1_216' title='bbox 626 2388 786 2446; x_wconf 87' lang='lat' dir='ltr'>certamina</span> <span class='ocrx_word' id='word_1_217' title='bbox 799 2387 1011 2456; x_wconf 79' lang='lat' dir='ltr'>cumtribunis</span> <span class='ocrx_word' id='word_1_218' title='bbox 1023 2387 1167 2466; x_wconf 82' lang='lat' dir='ltr'>prospice·</span> 
     </span>
     <span class='ocr_line' id='line_1_26' title="bbox 157 2465 1167 2542; baseline 0 -17"><span class='ocrx_word' id='word_1_219' title='bbox 157 2475 244 2538; x_wconf 77' lang='lat' dir='ltr'>aeret,</span> <span class='ocrx_word' id='word_1_220' title='bbox 266 2465 314 2524; x_wconf 91' lang='lat' dir='ltr'>die</span> <span class='ocrx_word' id='word_1_221' title='bbox 337 2466 465 2542; x_wconf 84' lang='lat' dir='ltr'>longiore</span> <span class='ocrx_word' id='word_1_222' title='bbox 488 2465 684 2541; x_wconf 75' lang='lat' dir='ltr'>prodictl,&#39;in</span> <span class='ocrx_word' id='word_1_223' title='bbox 704 2465 888 2523; x_wconf 89' lang='lat' dir='ltr'>Literninum</span> <span class='ocrx_word' id='word_1_224' title='bbox 901 2467 1066 2537; x_wconf 82' lang='lat' dir='ltr'>concessit3</span> <span class='ocrx_word' id='word_1_225' title='bbox 1086 2475 1167 2526; x_wconf 86' lang='lat' dir='ltr'>certo</span> 
     </span>
     <span class='ocr_line' id='line_1_27' title="bbox 191 2543 1167 2621; baseline -0.002 -17"><span class='ocrx_word' id='word_1_226' title='bbox 191 2543 323 2613; x_wconf 86' lang='lat' dir='ltr'>consilio,</span> <span class='ocrx_word' id='word_1_227' title='bbox 335 2564 372 2602; x_wconf 89' lang='lat' dir='ltr'>ne</span> <span class='ocrx_word' id='word_1_228' title='bbox 387 2544 422 2601; x_wconf 90' lang='lat' dir='ltr'>ad</span> <span class='ocrx_word' id='word_1_229' title='bbox 436 2561 555 2610; x_wconf 85' lang='lat' dir='ltr'>causam</span> <span class='ocrx_word' id='word_1_230' title='bbox 569 2544 724 2602; x_wconf 87' lang='lat' dir='ltr'>dicendam</span> <span class='ocrx_word' id='word_1_231' title='bbox 739 2544 860 2602; x_wconf 83' lang='lat' dir='ltr'>adesset.</span> <span class='ocrx_word' id='word_1_232' title='bbox 902 2543 996 2621; x_wconf 88' lang='lat' dir='ltr'>Major</span> <span class='ocrx_word' id='word_1_233' title='bbox 1010 2543 1124 2602; x_wconf 83' lang='lat' dir='ltr'>animus</span> <span class='ocrx_word' id='word_1_234' title='bbox 1136 2553 1167 2602; x_wconf 88' lang='lat' dir='ltr'>et</span> 
     </span>
     <span class='ocr_line' id='line_1_28' title="bbox 190 2620 1168 2700; baseline 0 -18"><span class='ocrx_word' id='word_1_235' title='bbox 190 2625 293 2682; x_wconf 75' lang='lat' dir='ltr'>ueturd</span> <span class='ocrx_word' id='word_1_236' title='bbox 306 2635 384 2691; x_wconf 85' lang='lat' dir='ltr'>erat,</span> <span class='ocrx_word' id='word_1_237' title='bbox 392 2642 427 2682; x_wconf 89' lang='lat' dir='ltr'>ao</span> <span class='ocrx_word' id='word_1_238' title='bbox 450 2622 551 2700; x_wconf 86' lang='lat' dir='ltr'>majori</span> <span class='ocrx_word' id='word_1_239' title='bbox 573 2623 694 2682; x_wconf 82' lang='lat' dir='ltr'>fortunae</span> <span class='ocrx_word' id='word_1_240' title='bbox 707 2632 849 2696; x_wconf 87' lang='lat' dir='ltr'>assuetus,</span> <span class='ocrx_word' id='word_1_241' title='bbox 866 2620 955 2697; x_wconf 82' lang='lat' dir='ltr'>qudm</span> <span class='ocrx_word' id='word_1_242' title='bbox 979 2633 1011 2681; x_wconf 91' lang='lat' dir='ltr'>ut</span> <span class='ocrx_word' id='word_1_243' title='bbox 1023 2639 1091 2681; x_wconf 87' lang='lat' dir='ltr'>reus</span> <span class='ocrx_word' id='word_1_244' title='bbox 1102 2639 1168 2682; x_wconf 84' lang='lat' dir='ltr'>esse</span> 
     </span>
     <span class='ocr_line' id='line_1_29' title="bbox 191 2700 1217 2776; baseline -0.001 -15"><span class='ocrx_word' id='word_1_245' title='bbox 191 2703 289 2776; x_wconf 86' lang='lat' dir='ltr'>sciret,</span> <span class='ocrx_word' id='word_1_246' title='bbox 312 2713 342 2762; x_wconf 90' lang='lat' dir='ltr'>et</span> <span class='ocrx_word' id='word_1_247' title='bbox 365 2702 534 2762; x_wconf 87' lang='lat' dir='ltr'>submittere</span> <span class='ocrx_word' id='word_1_248' title='bbox 558 2701 635 2760; x_wconf 88' lang='lat' dir='ltr'>sein</span> <span class='ocrx_word' id='word_1_249' title='bbox 657 2701 848 2760; x_wconf 89' lang='lat' dir='ltr'>humilitatem</span> <span class='ocrx_word' id='word_1_250' title='bbox 863 2720 982 2760; x_wconf 87' lang='lat' dir='ltr'>causam</span> <span class='ocrx_word' id='word_1_251' title='bbox 995 2700 1166 2760; x_wconf 90' lang='lat' dir='ltr'>dicentium.</span> <span class='ocrx_word' id='word_1_252' title='bbox 1179 2718 1217 2760; x_wconf 62' lang='lat' dir='ltr'>x)</span> 
     </span>
     <span class='ocr_line' id='line_1_30' title="bbox 191 2779 1210 2857; baseline 0 -16"><span class='ocrx_word' id='word_1_253' title='bbox 191 2781 249 2842; x_wconf 88' lang='lat' dir='ltr'>Ubi</span> <span class='ocrx_word' id='word_1_254' title='bbox 263 2781 326 2841; x_wconf 89' lang='lat' dir='ltr'>dies</span> <span class='ocrx_word' id='word_1_255' title='bbox 349 2782 437 2850; x_wconf 85' lang='lat' dir='ltr'>venit,</span> <span class='ocrx_word' id='word_1_256' title='bbox 452 2781 593 2857; x_wconf 87' lang='lat' dir='ltr'>citarique</span> <span class='ocrx_word' id='word_1_257' title='bbox 611 2781 717 2840; x_wconf 82' lang='lat' dir='ltr'>absens</span> <span class='ocrx_word' id='word_1_258' title='bbox 737 2789 782 2838; x_wconf 87' lang='lat' dir='ltr'>est</span> <span class='ocrx_word' id='word_1_259' title='bbox 795 2791 917 2856; x_wconf 80' lang='lat' dir='ltr'>ereptus,</span> <span class='ocrx_word' id='word_1_260' title='bbox 930 2779 966 2838; x_wconf 89' lang='lat' dir='ltr'>L.</span> <span class='ocrx_word' id='word_1_261' title='bbox 981 2779 1081 2857; x_wconf 85' lang='lat' dir='ltr'>Scipio</span> <span class='ocrx_word' id='word_1_262' title='bbox 1093 2797 1168 2841; x_wconf 88' lang='lat' dir='ltr'>mor·</span> <span class='ocrx_word' id='word_1_263' title='bbox 1208 2843 1210 2848; x_wconf 77' lang='grc'>,</span> 
     </span>
     <span class='ocr_line' id='line_1_31' title="bbox 156 2859 1169 2950; baseline 0 -30"><span class='ocrx_word' id='word_1_264' title='bbox 156 2860 261 2921; x_wconf 82' lang='lat' dir='ltr'>sebum</span> <span class='ocrx_word' id='word_1_265' title='bbox 275 2879 370 2920; x_wconf 77' lang='lat' dir='ltr'>causae</span> <span class='ocrx_word' id='word_1_266' title='bbox 384 2880 459 2929; x_wconf 87' lang='lat' dir='ltr'>ease,</span> <span class='ocrx_word' id='word_1_267' title='bbox 483 2879 535 2919; x_wconf 91' lang='lat' dir='ltr'>cur</span> <span class='ocrx_word' id='word_1_268' title='bbox 557 2860 680 2932; x_wconf 86' lang='lat' dir='ltr'>abesset,</span> <span class='ocrx_word' id='word_1_269' title='bbox 704 2859 880 2950; x_wconf 54' lang='lat' dir='ltr'>err-cusabat:</span> <span class='ocrx_word' id='word_1_270' title='bbox 900 2878 987 2936; x_wconf 91' lang='lat' dir='ltr'>quam</span> <span class='ocrx_word' id='word_1_271' title='bbox 1007 2859 1169 2920; x_wconf 62' lang='lat' dir='ltr'>arcuatio-</span> 
     </span>
     <span class='ocr_line' id='line_1_32' title="bbox 191 2939 1170 3018; baseline 0.002 -20"><span class='ocrx_word' id='word_1_272' title='bbox 191 2957 260 2999; x_wconf 89' lang='lat' dir='ltr'>nem</span> <span class='ocrx_word' id='word_1_273' title='bbox 273 2959 361 3016; x_wconf 93' lang='lat' dir='ltr'>quum</span> <span class='ocrx_word' id='word_1_274' title='bbox 374 2939 494 3018; x_wconf 82' lang='lat' dir='ltr'>tribuni,</span> <span class='ocrx_word' id='word_1_275' title='bbox 507 2939 556 3015; x_wconf 93' lang='lat' dir='ltr'>qui</span> <span class='ocrx_word' id='word_1_276' title='bbox 570 2940 649 2998; x_wconf 91' lang='lat' dir='ltr'>diem</span> <span class='ocrx_word' id='word_1_277' title='bbox 668 2939 811 3007; x_wconf 84' lang='lat' dir='ltr'>dixerant,</span> <span class='ocrx_word' id='word_1_278' title='bbox 825 2958 885 2998; x_wconf 90' lang='lat' dir='ltr'>non</span> <span class='ocrx_word' id='word_1_279' title='bbox 899 2939 1075 3016; x_wconf 87' lang='lat' dir='ltr'>acciperent,</span> <span class='ocrx_word' id='word_1_280' title='bbox 1088 2951 1119 3000; x_wconf 89' lang='lat' dir='ltr'>et</span> <span class='ocrx_word' id='word_1_281' title='bbox 1131 2939 1170 3000; x_wconf 89' lang='lat' dir='ltr'>ab</span> 
     </span>
     <span class='ocr_line' id='line_1_33' title="bbox 191 3018 1169 3097; baseline 0.002 -19"><span class='ocrx_word' id='word_1_282' title='bbox 191 3019 295 3078; x_wconf 72' lang='lat' dir='ltr'>etdem</span> <span class='ocrx_word' id='word_1_283' title='bbox 309 3019 442 3095; x_wconf 80' lang='lat' dir='ltr'>superbiat</span> <span class='ocrx_word' id='word_1_284' title='bbox 456 3038 515 3078; x_wconf 89' lang='lat' dir='ltr'>non</span> <span class='ocrx_word' id='word_1_285' title='bbox 528 3019 626 3078; x_wconf 84' lang='lat' dir='ltr'>venire</span> <span class='ocrx_word' id='word_1_286' title='bbox 640 3019 677 3077; x_wconf 94' lang='lat' dir='ltr'>ad</span> <span class='ocrx_word' id='word_1_287' title='bbox 697 3037 816 3078; x_wconf 77' lang='lat' dir='ltr'>cauam</span> <span class='ocrx_word' id='word_1_288' title='bbox 836 3018 991 3078; x_wconf 89' lang='lat' dir='ltr'>dicendam</span> <span class='ocrx_word' id='word_1_289' title='bbox 1004 3029 1169 3097; x_wconf 79' lang='lat' dir='ltr'>arguerent,</span> 
     </span>
     <span class='ocr_line' id='line_1_34' title="bbox 191 3097 1167 3176; baseline 0.002 -18"><span class='ocrx_word' id='word_1_290' title='bbox 191 3098 252 3174; x_wconf 79' lang='lat' dir='ltr'>quit</span> <span class='ocrx_word' id='word_1_291' title='bbox 270 3097 412 3176; x_wconf 89' lang='lat' dir='ltr'>judicium</span> <span class='ocrx_word' id='word_1_292' title='bbox 436 3109 466 3158; x_wconf 92' lang='lat' dir='ltr'>et</span> <span class='ocrx_word' id='word_1_293' title='bbox 488 3097 732 3176; x_wconf 77' lang='lat' dir='ltr'>tribunusplebis</span> <span class='ocrx_word' id='word_1_294' title='bbox 755 3111 785 3156; x_wconf 89' lang='lat' dir='ltr'>et</span> <span class='ocrx_word' id='word_1_295' title='bbox 798 3099 971 3158; x_wconf 90' lang='lat' dir='ltr'>concionem</span> <span class='ocrx_word' id='word_1_296' title='bbox 988 3098 1167 3176; x_wconf 85' lang='lat' dir='ltr'>reliquisset;</span> 
     </span>
     <span class='ocr_line' id='line_1_35' title="bbox 90 3177 1170 3256; baseline 0.005 -19"><span class='ocrx_word' id='word_1_297' title='bbox 90 3182 92 3186; x_wconf 87' lang='grc'><strong>’</strong></span> <span class='ocrx_word' id='word_1_298' title='bbox 191 3188 229 3251; x_wconf 87' lang='lat' dir='ltr'>et,</span> <span class='ocrx_word' id='word_1_299' title='bbox 242 3178 347 3255; x_wconf 92' lang='lat' dir='ltr'>quibus</span> <span class='ocrx_word' id='word_1_300' title='bbox 356 3179 405 3256; x_wconf 85' lang='lat' dir='ltr'>jus</span> <span class='ocrx_word' id='word_1_301' title='bbox 418 3178 455 3237; x_wconf 92' lang='lat' dir='ltr'>de</span> <span class='ocrx_word' id='word_1_302' title='bbox 468 3196 500 3237; x_wconf 88' lang='lat' dir='ltr'>se</span> <span class='ocrx_word' id='word_1_303' title='bbox 513 3178 646 3237; x_wconf 78' lang='lat' dir='ltr'>dicende</span> <span class='ocrx_word' id='word_1_304' title='bbox 659 3177 812 3237; x_wconf 79' lang='lat' dir='ltr'>sententiaa</span> <span class='ocrx_word' id='word_1_305' title='bbox 829 3188 858 3236; x_wconf 88' lang='lat' dir='ltr'>et</span> <span class='ocrx_word' id='word_1_306' title='bbox 870 3179 1033 3239; x_wconf 85' lang='lat' dir='ltr'>libertatern</span> <span class='ocrx_word' id='word_1_307' title='bbox 1046 3177 1170 3242; x_wconf 77' lang='lat' dir='ltr'>adenis·</span> 
     </span>
     <span class='ocr_line' id='line_1_36' title="bbox 157 3258 1169 3335; baseline -0.001 -18"><span class='ocrx_word' id='word_1_308' title='bbox 157 3268 245 3329; x_wconf 81' lang='lat' dir='ltr'>treet,</span> <span class='ocrx_word' id='word_1_309' title='bbox 259 3258 304 3316; x_wconf 90' lang='lat' dir='ltr'>bis</span> <span class='ocrx_word' id='word_1_310' title='bbox 317 3259 482 3326; x_wconf 88' lang='lat' dir='ltr'>comitatus,</span> <span class='ocrx_word' id='word_1_311' title='bbox 497 3258 574 3316; x_wconf 79' lang='lat' dir='ltr'>velut</span> <span class='ocrx_word' id='word_1_312' title='bbox 587 3269 687 3334; x_wconf 89' lang='lat' dir='ltr'>captos</span> <span class='ocrx_word' id='word_1_313' title='bbox 696 3258 825 3326; x_wconf 87' lang='lat' dir='ltr'>trahens,</span> <span class='ocrx_word' id='word_1_314' title='bbox 838 3258 1016 3335; x_wconf 89' lang='lat' dir='ltr'>triumphurn</span> <span class='ocrx_word' id='word_1_315' title='bbox 1029 3258 1067 3316; x_wconf 90' lang='lat' dir='ltr'>de</span> <span class='ocrx_word' id='word_1_316' title='bbox 1080 3275 1169 3334; x_wconf 86' lang='lat' dir='ltr'>popu·</span> 
     </span>
     <span class='ocr_line' id='line_1_37' title="bbox 191 3335 1170 3413; baseline 0.003 -20"><span class='ocrx_word' id='word_1_317' title='bbox 191 3336 221 3394; x_wconf 93' lang='lat' dir='ltr'>lo</span> <span class='ocrx_word' id='word_1_318' title='bbox 233 3335 369 3394; x_wconf 83' lang='lat' dir='ltr'>Romano</span> <span class='ocrx_word' id='word_1_319' title='bbox 390 3337 507 3413; x_wconf 84' lang='lat' dir='ltr'>egisset,</span> <span class='ocrx_word' id='word_1_320' title='bbox 521 3339 772 3413; x_wconf 84' lang='lat' dir='ltr'>secessionemque</span> <span class='ocrx_word' id='word_1_321' title='bbox 795 3355 832 3396; x_wconf 88' lang='lat' dir='ltr'>eo</span> <span class='ocrx_word' id='word_1_322' title='bbox 844 3338 893 3396; x_wconf 93' lang='lat' dir='ltr'>die</span> <span class='ocrx_word' id='word_1_323' title='bbox 916 3338 947 3396; x_wconf 90' lang='lat' dir='ltr'>in</span> <span class='ocrx_word' id='word_1_324' title='bbox 960 3335 1138 3411; x_wconf 85' lang='lat' dir='ltr'>Capitolium</span> <span class='ocrx_word' id='word_1_325' title='bbox 1148 3351 1170 3396; x_wconf 77' lang='lat' dir='ltr'>e</span> 
     </span>
     <span class='ocr_line' id='line_1_38' title="bbox 191 3413 1170 3494; baseline 0.002 -22"><span class='ocrx_word' id='word_1_326' title='bbox 191 3413 316 3473; x_wconf 86' lang='lat' dir='ltr'>tribunis</span> <span class='ocrx_word' id='word_1_327' title='bbox 338 3413 431 3489; x_wconf 88' lang='lat' dir='ltr'>plebis</span> <span class='ocrx_word' id='word_1_328' title='bbox 455 3414 590 3474; x_wconf 85' lang='lat' dir='ltr'>fecisset:</span> <span class='ocrx_word' id='word_1_329' title='bbox 624 3416 779 3476; x_wconf 87' lang='lat' dir='ltr'>“Habetis</span> <span class='ocrx_word' id='word_1_330' title='bbox 804 3435 875 3494; x_wconf 88' lang='lat' dir='ltr'>ergo</span> <span class='ocrx_word' id='word_1_331' title='bbox 899 3413 1070 3475; x_wconf 82' lang='lat' dir='ltr'>temeritatis</span> <span class='ocrx_word' id='word_1_332' title='bbox 1091 3413 1170 3474; x_wconf 79' lang='lat' dir='ltr'>illine</span> 
     </span>
     <span class='ocr_line' id='line_1_39' title="bbox 193 3491 1170 3570; baseline 0.002 -18"><span class='ocrx_word' id='word_1_333' title='bbox 193 3493 397 3552; x_wconf 83' lang='lat' dir='ltr'>“mercedem</span> <span class='ocrx_word' id='word_1_334' title='bbox 437 3491 509 3555; x_wconf 80' lang='lat' dir='ltr'>Quo</span> <span class='ocrx_word' id='word_1_335' title='bbox 531 3494 607 3552; x_wconf 91' lang='lat' dir='ltr'>duce</span> <span class='ocrx_word' id='word_1_336' title='bbox 629 3504 659 3553; x_wconf 88' lang='lat' dir='ltr'>et</span> <span class='ocrx_word' id='word_1_337' title='bbox 682 3505 799 3555; x_wconf 87' lang='lat' dir='ltr'>auctore</span> <span class='ocrx_word' id='word_1_338' title='bbox 819 3513 874 3554; x_wconf 88' lang='lat' dir='ltr'>nos</span> <span class='ocrx_word' id='word_1_339' title='bbox 893 3492 1058 3570; x_wconf 83' lang='lat' dir='ltr'>reliquistis,</span> <span class='ocrx_word' id='word_1_340' title='bbox 1071 3493 1110 3552; x_wconf 83' lang='lat' dir='ltr'>eb</span> <span class='ocrx_word' id='word_1_341' title='bbox 1132 3509 1170 3554; x_wconf 86' lang='lat' dir='ltr'>ee</span> 
     </span>
     <span class='ocr_line' id='line_1_40' title="bbox 193 3571 1171 3649; baseline 0.005 -20"><span class='ocrx_word' id='word_1_342' title='bbox 193 3579 214 3630; x_wconf 63' lang='lat'>*⁶</span> <span class='ocrx_word' id='word_1_343' title='bbox 224 3571 280 3649; x_wconf 90' lang='lat' dir='ltr'>ipsi</span> <span class='ocrx_word' id='word_1_344' title='bbox 300 3571 394 3630; x_wconf 91' lang='lat' dir='ltr'>relicti</span> <span class='ocrx_word' id='word_1_345' title='bbox 417 3572 505 3630; x_wconf 82' lang='lat' dir='ltr'>estis:</span> <span class='ocrx_word' id='word_1_346' title='bbox 527 3583 557 3632; x_wconf 89' lang='lat' dir='ltr'>et</span> <span class='ocrx_word' id='word_1_347' title='bbox 574 3583 688 3632; x_wconf 83' lang='lat' dir='ltr'>tantum</span> <span class='ocrx_word' id='word_1_348' title='bbox 711 3574 872 3644; x_wconf 84' lang='lat' dir='ltr'>animorum</span> <span class='ocrx_word' id='word_1_349' title='bbox 892 3573 924 3632; x_wconf 91' lang='lat' dir='ltr'>in</span> <span class='ocrx_word' id='word_1_350' title='bbox 937 3571 1000 3630; x_wconf 88' lang='lat' dir='ltr'>dies</span> <span class='ocrx_word' id='word_1_351' title='bbox 1023 3571 1108 3632; x_wconf 85' lang='lat' dir='ltr'>uobis</span> <span class='ocrx_word' id='word_1_352' title='bbox 1120 3571 1171 3634; x_wconf 82' lang='lat' dir='ltr'>de·</span> 
     </span>
     <span class='ocr_line' id='line_1_41' title="bbox 85 3649 1170 3728; baseline -0.003 -14"><span class='ocrx_word' id='word_1_353' title='bbox 85 3688 87 3696; x_wconf 37' lang='grc' dir='ltr'>ι</span> <span class='ocrx_word' id='word_1_354' title='bbox 157 3652 342 3724; x_wconf 80' lang='lat' dir='ltr'>tt“crescit,</span> <span class='ocrx_word' id='word_1_355' title='bbox 356 3661 398 3720; x_wconf 90' lang='lat' dir='ltr'>ut,</span> <span class='ocrx_word' id='word_1_356' title='bbox 412 3651 559 3727; x_wconf 87' lang='lat' dir='ltr'>adquam,</span> <span class='ocrx_word' id='word_1_357' title='bbox 581 3663 649 3712; x_wconf 84' lang='lat' dir='ltr'>ante</span> <span class='ocrx_word' id='word_1_358' title='bbox 672 3671 764 3714; x_wconf 83' lang='lat' dir='ltr'>annos</span> <span class='ocrx_word' id='word_1_359' title='bbox 777 3650 993 3728; x_wconf 89' lang='lat' dir='ltr'>septemdecim,</span> <span class='ocrx_word' id='word_1_360' title='bbox 1007 3649 1170 3712; x_wconf 76' lang='lat' dir='ltr'>exercitum</span> 
     </span>
     <span class='ocr_line' id='line_1_42' title="bbox 192 3729 1232 3810; baseline 0.007 -24"><span class='ocrx_word' id='word_1_361' title='bbox 192 3735 254 3792; x_wconf 79' lang='lat' dir='ltr'>‘tet</span> <span class='ocrx_word' id='word_1_362' title='bbox 266 3729 389 3790; x_wconf 88' lang='lat' dir='ltr'>classem</span> <span class='ocrx_word' id='word_1_363' title='bbox 412 3731 579 3805; x_wconf 85' lang='lat' dir='ltr'>habentem,</span> <span class='ocrx_word' id='word_1_364' title='bbox 599 3731 729 3792; x_wconf 87' lang='lat' dir='ltr'>tribunos</span> <span class='ocrx_word' id='word_1_365' title='bbox 751 3729 844 3810; x_wconf 85' lang='lat' dir='ltr'>plebis</span> <span class='ocrx_word' id='word_1_366' title='bbox 864 3730 1035 3808; x_wconf 80' lang='lat' dir='ltr'>ndilemque</span> <span class='ocrx_word' id='word_1_367' title='bbox 1048 3729 1172 3794; x_wconf 79' lang='lat' dir='ltr'>&#39;mittere</span> <span class='ocrx_word' id='word_1_368' title='bbox 1230 3773 1232 3778; x_wconf 92' lang='lat'>-</span> 
     </span>
     <span class='ocr_line' id='line_1_43' title="bbox 192 3809 1170 3891; baseline 0.003 -19"><span class='ocrx_word' id='word_1_369' title='bbox 192 3814 213 3848; x_wconf 74' lang='lat'>‘⁸</span> <span class='ocrx_word' id='word_1_370' title='bbox 221 3809 400 3884; x_wconf 72' lang='lat' dir='ltr'>lnSioiliaru</span> <span class='ocrx_word' id='word_1_371' title='bbox 413 3809 476 3871; x_wconf 85' lang='lat' dir='ltr'>ausi</span> <span class='ocrx_word' id='word_1_372' title='bbox 489 3829 599 3887; x_wconf 72' lang='lat' dir='ltr'>sumtu,</span> <span class='ocrx_word' id='word_1_373' title='bbox 611 3811 661 3890; x_wconf 91' lang='lat' dir='ltr'>qui</span> <span class='ocrx_word' id='word_1_374' title='bbox 673 3809 887 3891; x_wconf 85' lang='lat' dir='ltr'>prebenderent</span> <span class='ocrx_word' id='word_1_375' title='bbox 898 3827 978 3888; x_wconf 70' lang='lat' dir='ltr'>mm,</span> <span class='ocrx_word' id='word_1_376' title='bbox 996 3820 1029 3874; x_wconf 91' lang='lat' dir='ltr'>et</span> <span class='ocrx_word' id='word_1_377' title='bbox 1040 3809 1170 3874; x_wconf 71' lang='lat' dir='ltr'>nouam</span> 
     </span>
    </p>
   </div>
   <div class='ocr_carea' id='block_1_4' title="bbox 0 0 1272 4310">
    <p class='ocr_par' dir='ltr' id='par_1_8' title="bbox 0 0 1272 4310">
     <span class='ocr_line' id='line_1_44' title="bbox 0 0 1272 4310; baseline 0 0"><span class='ocrx_word' id='word_1_378' title='bbox 0 0 1272 4310; x_wconf 95' lang='lat' dir='ltr'> </span> 
     </span>
    </p>
   </div>
  </div>
 </body>
</html>
