2520 4310
126 309 187 370 nna
473 390 478 398 Ι
521 312 598 396 ,τιτι
614 311 700 376 mvn
734 339 740 352 -

125 463 225 522 noctu,
239 452 425 512 veniresese
445 453 540 523 vellet,
562 455 666 514 iisdem
687 473 724 513 an
739 454 803 528 aliis
824 454 976 515 considere
989 432 1122 520 eastris'

127 530 224 592 Nocte
238 532 314 590 clam
327 533 441 610 ingredi
455 532 559 592 melius
572 535 664 592 visum
678 544 730 624 est.
736 533 803 642 >4
818 612 822 618 .

64 657 109 744 l(
166 686 278 747 XLVI.
300 690 427 786 Tfiffla
440 709 492 767 per
511 701 605 749 castra
618 691 655 748 ab
675 690 758 749 Livio
771 691 890 750 consule
905 693 1056 764 demeret,
1070 707 1102 754 ut

127 766 275 827 tribunum
298 771 440 841 tribunus,
468 769 599 827 centurio
621 771 831 838 centurionem,
856 790 945 846 eques
966 774 1101 848 equitem,

126 848 216 922 pedes
229 848 357 923 peditem
380 848 545 923 acciperet:
566 867 660 923 neque
684 849 763 906 enim
785 849 898 907 dilaturi
923 863 1017 909 castra
1029 872 1102 928 opus
1121 859 1136 900 ⁵

126 943 201 997 esse,
215 945 253 984 ne
267 927 357 986 hostis
376 929 530 986 adventum
552 927 669 984 alterius
692 927 819 985 consulis
843 928 982 987 sentiret:
1004 941 1033 990 et
1056 951 1102 990 co·

126 1004 247 1064 arctatio
261 1005 385 1080 plurium
409 1005 438 1064 in
460 1015 583 1082 angusto
603 1006 783 1080 tendentium
798 1006 908 1072 facilior
918 1007 1017 1066 'futura
1030 1019 1106 1082 erat,

127 1083 203 1158 qudd
218 1084 398 1142 Claudianus
417 1085 562 1142 exercitus
575 1083 647 1141 nihil
662 1085 771 1156 ferme„
783 1095 884 1160 praeter
898 1104 985 1157 arma,
1000 1105 1103 1146 secum

126 1161 158 1218 in
179 1164 392 1237 expeditionem
416 1163 528 1221 tulerat.
570 1162 726 1235 Caeterdm,
741 1163 852 1238 inipso
865 1163 967 1222 itinere
981 1175 1103 1224 auctum

127 1239 294 1299 voluntariis
308 1261 413 1318 agmen
436 1252 516 1312 erat;
537 1241 724 1299 offerentibus
746 1260 809 1298 sese
823 1242 896 1300 ultro
909 1253 938 1300 et
955 1244 1102 1302 veteribus
1112 1251 1137 1292 1⁰

126 1318 264 1378 militibus
277 1320 436 1396 perfunctis
447 1321 506 1396 jam
521 1320 634 1387 militie,
648 1331 678 1377 et
698 1320 864 1396 juvenibus,
878 1340 949 1395 quos
970 1323 1102 1381 certatim

125 1398 243 1456 nomina
257 1400 369 1472 dantes,
383 1399 407 1456 si
425 1418 546 1474 quorum
568 1399 694 1474 corporis
716 1400 828 1474 species
841 1401 985 1475 roburque
1000 1400 1103 1458 virium

126 1485 226 1554 aptum
247 1478 356 1536 militiae
378 1478 537 1551 videbatur,
561 1478 780 1553 conscripserat.
822 1479 872 1535 Ad
887 1479 995 1537 Senam
1009 1490 1104 1537 castra

126 1555 243 1614 alterius
267 1557 394 1614 consulis
417 1567 515 1627 erant;
545 1566 574 1614 et
594 1557 767 1633 quingentos
792 1557 860 1620 inde
885 1557 973 1615 ferme
1002 1575 1103 1632 passus

128 1633 293 1693 Hasdrubal
309 1636 416 1706 aberat.
457 1636 558 1711 Itaque
572 1654 660 1711 quurn
672 1636 731 1711 jam
747 1636 995 1712 appropinquaret,
1009 1647 1103 1694 tectus
1112 1646 1136 1693 15

127 1715 274 1774 montibus
297 1715 423 1773 substitit
445 1715 535 1782 Nero,
560 1733 597 1771 ne
612 1724 679 1771 ante
703 1725 819 1774 noctem
833 1726 928 1772 castra
941 1716 1103 1790 ingredere·

127 1802 182 1851 tur.
225 1795 348 1868 Silentio
371 1794 504 1871 ingressi,
518 1794 554 1851 ab
579 1794 623 1850 sui
637 1791 880 1868 quisque'ordinis
894 1792 1123 1852 hominibusin'
1152 1839 1157 1842 -
1178 1807 1181 1812 “

23 1905 38 1918 ··
127 1873 252 1930 tentoria
272 1874 399 1941 abducti,
423 1893 491 1930 cum
515 1867 629 1930 'summi
649 1871 779 1929 omnium
791 1871 1103 1946 laetitii'hospitaliter

127 1952 319 2027 excipiuntur.
361 1952 479 2010 Postero
491 1951 539 2008 die
553 1950 707 2009 consilium
720 1950 861 2023 habitum,
875 1949 923 2007 cui
943 1961 972 2007 et
984 1950 1019 2008 L.
1033 1949 1103 2008 Por-

128 2029 193 2086 cius
207 2030 329 2088 Licinus
351 2041 454 2104 praetor
474 2029 564 2088 affuit.
605 2030 709 2086 Castra
720 2029 822 2104 juncta
836 2029 988 2086 consulum
1002 2028 1102 2086 castris
1112 2038 1139 2080 2⁰

117 2105 273 2177 babebat3
294 2118 324 2166 et
345 2119 412 2165 ante
436 2108 592 2166 adventum
615 2126 726 2180 eorum,
749 2125 800 2182 per
813 2108 878 2164 loca
896 2108 955 2164 alta
968 2108 1103 2166 ducendo

128 2187 298 2255 exercitum,
313 2199 409 2262 'quum
432 2179 519 2245 modo
534 2187 673 2245 insideret
687 2196 820 2262 angustos
840 2185 938 2252 saltus,
956 2197 988 2243 ut
1001 2185 1104 2245 transi-

128 2275 191 2324 tum
205 2265 362 2334 clauderet,
377 2265 462 2324 modd
476 2267 513 2324 ab
533 2266 621 2324 latere
636 2267 735 2333 autab
747 2273 826 2340 tergo
839 2273 970 2342 capperet
984 2283 1104 2340 agmen,

69 2387 73 2396 .
128 2343 293 2402 ludificatus
317 2345 428 2403 hostem
451 2346 587 2404 omnibus
611 2345 720 2404 artibus
742 2343 810 2402 belli
823 2342 935 2400 lucrat:
956 2342 981 2399 is
994 2353 1057 2399 tum
1071 2342 1103 2402 in

128 2424 251 2483 consilio
265 2425 372 2484 aderat.
414 2425 574 2484 Multorum
595 2423 630 2482 ed
644 2425 787 2482 inclinant
800 2421 962 2489 sententiae,
977 2432 1017 2493 ut,
1033 2422 1102 2479 dum
1112 2433 1140 2474 m

110 2502 240 2562 ‘sessum
263 2504 310 2562 vis
331 2525 366 2562 ac
389 2505 495 2582 vigiliis
518 2504 651 2563 reficeret
671 2503 804 2570 militem.
816 2502 906 2572 Nero,
921 2500 1006 2558 simul
1025 2511 1054 2559 et
1067 2501 1103 2558 ad
1186 2501 1193 2506 ’

129 2583 310 2646 noscendum
323 2585 435 2643 hostem
449 2604 557 2661 paucos
571 2585 625 2641 sibi
640 2593 766 2657 sumeret
787 2581 858 2652 dies,
873 2573 986 2655 tenipus
999 2597 1103 2655 pugnae

128 2663 299 2732 differretur.
340 2664 424 2722 Nero¹
434 2684 493 2735 non
507 2661 627 2722 suadere
641 2660 736 2732 modi),
758 2661 810 2717 sed
828 2660 942 2717 summi
955 2677 1009 2734 ope
1022 2675 1104 2716 orare

130 2741 243 2810 institit,
265 2747 284 2774 ‘⁴
297 2761 334 2800 ne
347 2742 499 2800 consilium
519 2761 613 2816 suurn,
628 2742 703 2816 quod
721 2749 816 2797 tutum
832 2739 964 2808 celeritas
978 2737 1104 2804 fecisset,

53 2841 57 2848 ’
132 2821 345 2876 “temerarium
368 2823 507 2880 morando
528 2823 665 2880 facerent.
708 2819 813 2876 Errore
836 2816 899 2893 (qui
923 2835 980 2872 non
994 2815 1144 2872 diutur-ao

131 2899 150 2928 “
161 2915 217 2954 nus
231 2896 343 2954 futurus
366 2902 455 2978 esset)
470 2901 549 2958 velut
570 2909 741 2974 torpentem,
763 2895 959 2952 Hannibalem
972 2911 1028 2950 nec
1042 2911 1107 2950 cas·

132 2984 151 3012 ‘⁴
163 2985 207 3034 tra
220 2994 273 3032 sua
294 2973 356 3034 sine
380 2978 455 3036 duce
480 2980 580 3036 relicta
605 2975 734 3053 aggredi,
748 2993 805 3031 nec
830 2975 865 3030 ud
880 2973 1060 3048 sequendum
1073 2991 1106 3029 se

131 3053 216 3111 “iter
240 3054 407 3114 intendisse.
426 3127 428 3131 Ι
449 3057 614 3132 Antequam
637 3073 667 3112 se
689 3063 812 3120 moveat,
834 3053 924 3110 deleri
945 3051 1105 3108 exercitum

129 3133 355 3193 “Hasdrubalis
377 3155 471 3212 posse,
499 3133 675 3212 [redireque]
702 3133 732 3188 in
746 3131 892 3205 Apuliam.
912 3129 997 3190 ‘Qui
1015 3129 1121 3204 prola.

133 3213 252 3272 “tando
266 3214 389 3290 spatium
403 3215 477 3273 hosti
491 3215 550 3285 det,
564 3232 631 3270 eum
645 3222 675 3268 et
688 3210 737 3268 illa
750 3223 845 3269 castra
857 3208 977 3284 prodere
993 3207 1107 3265 Hanni·
1116 3222 1145 3264 ³5

132 3293 152 3324 “
163 3291 231 3366 bali,
255 3303 285 3350 et
308 3293 419 3368 aperire
434 3293 478 3361 vin
494 3292 619 3350 Galliam
643 3291 707 3363 iter,
729 3300 762 3347 ut
774 3309 825 3365 per
847 3289 949 3354 otium,
964 3287 1015 3343 ubi
1029 3285 1106 3360 vel'u,

134 3371 339 3431 “Hasdrubali
364 3371 565 3447 conjungatur.
606 3369 763 3445 Extemplo*
777 3369 900 3443 ¹signum
924 3366 1063 3432 dandum,
1077 3373 1108 3422 et

133 3452 330 3512 “exeundum
351 3450 381 3507 in
406 3449 519 3508 aciem:
541 3449 774 3523 abutendumque
796 3465 891 3505 errore
915 3445 1041 3519 hostium
1059 3443 1116 3520 aba
1164 3509 1166 3516 y

133 3538 153 3568 “
164 3530 289 3588 sentium
307 3529 567 3605 praesentiumque3
589 3529 658 3584 dum
679 3546 774 3602 neque
789 3525 830 3583 illi
844 3525 938 3582 sciant
958 3541 1027 3580 cum
1039 3539 1110 3597 pau·

132 3610 153 3641 “
160 3608 298 3674 simibus,
320 3625 376 3664 nec
390 3607 420 3665 hi
443 3626 511 3666 cum
525 3607 655 3684 pluribus
667 3617 697 3664 et
721 3603 915 3683 validioribus,
939 3620 1001 3682 rem
1014 3597 1109 3658 esse.”
1120 3617 1150 3658 ro
1213 3621 1216 3626 ·

132 3685 263 3745 Consilio
276 3685 403 3757 dimisso,
417 3686 531 3764 signum
544 3705 649 3764 pugnae
662 3684 841 3762 proponitur,
855 3680 1064 3756 confestimque
1078 3677 1111 3739 in

134 3761 227 3822 aciem
236 3763 410 3838 procedunt.
483 3789 487 3798 ·
912 3803 916 3810 .
