<?xml version="1.0" encoding="UTF-8"?>
<!DOCTYPE html PUBLIC "-//W3C//DTD XHTML 1.0 Transitional//EN"
    "http://www.w3.org/TR/xhtml1/DTD/xhtml1-transitional.dtd">
<html xmlns="http://www.w3.org/1999/xhtml" xml:lang="en" lang="en">
 <head>
  <title>
</title>
<meta http-equiv="Content-Type" content="text/html;charset=utf-8" />
  <meta name='ocr-system' content='tesseract 3.04.00' />
  <meta name='ocr-capabilities' content='ocr_page ocr_carea ocr_par ocr_line ocrx_word'/>
</head>
<body>
  <div class='ocr_page' id='page_1' title='image "./historiarumetse03livygoog_0049.png"; bbox 0 0 2556 4314; ppageno 0'>
   <div class='ocr_carea' id='block_1_1' title="bbox 92 271 669 364">
    <p class='ocr_par' dir='ltr' id='par_1_1' title="bbox 92 271 669 364">
     <span class='ocr_line' id='line_1_1' title="bbox 92 271 669 364; baseline 0.002 -9"><span class='ocrx_word' id='word_1_1' title='bbox 92 305 132 364; x_wconf 82' lang='lat'>38</span> <span class='ocrx_word' id='word_1_2' title='bbox 186 287 187 294; x_wconf 76' lang='grc'>’</span> <span class='ocrx_word' id='word_1_3' title='bbox 250 271 259 288; x_wconf 77' lang='grc'><strong>’</strong></span> <span class='ocrx_word' id='word_1_4' title='bbox 381 299 385 306; x_wconf 83' lang='grc'><em>·</em></span> <span class='ocrx_word' id='word_1_5' title='bbox 461 293 669 357; x_wconf 78' lang='lat' dir='ltr'>&#39;rrrrtrvrr</span> 
     </span>
    </p>
   </div>
   <div class='ocr_carea' id='block_1_2' title="bbox 15 448 1167 2043">
    <p class='ocr_par' dir='ltr' id='par_1_2' title="bbox 15 448 1167 2043">
     <span class='ocr_line' id='line_1_2' title="bbox 90 448 1070 525; baseline 0.005 -19"><span class='ocrx_word' id='word_1_6' title='bbox 90 451 214 525; x_wconf 70' lang='lat' dir='ltr'>“agroq</span> <span class='ocrx_word' id='word_1_7' title='bbox 231 462 345 524; x_wconf 86' lang='lat' dir='ltr'>aquam,</span> <span class='ocrx_word' id='word_1_8' title='bbox 359 449 507 523; x_wconf 86' lang='lat' dir='ltr'>terminos,</span> <span class='ocrx_word' id='word_1_9' title='bbox 522 449 653 523; x_wconf 85' lang='lat' dir='ltr'>delubra,</span> <span class='ocrx_word' id='word_1_10' title='bbox 676 449 821 524; x_wconf 81' lang='lat' dir='ltr'>utensilia,</span> <span class='ocrx_word' id='word_1_11' title='bbox 843 448 951 522; x_wconf 80' lang='lat' dir='ltr'>divina,</span> <span class='ocrx_word' id='word_1_12' title='bbox 969 449 1070 510; x_wconf 90' lang='lat' dir='ltr'>huma·</span> 
     </span>
     <span class='ocr_line' id='line_1_3' title="bbox 15 528 1067 606; baseline 0.001 -18"><span class='ocrx_word' id='word_1_13' title='bbox 15 575 17 588; x_wconf 89' lang='lat'>.</span> <span class='ocrx_word' id='word_1_14' title='bbox 93 537 219 604; x_wconf 84' lang='lat' dir='ltr'>“neque</span> <span class='ocrx_word' id='word_1_15' title='bbox 239 529 347 602; x_wconf 88' lang='lat' dir='ltr'>omnia,</span> <span class='ocrx_word' id='word_1_16' title='bbox 371 528 402 586; x_wconf 91' lang='lat' dir='ltr'>in</span> <span class='ocrx_word' id='word_1_17' title='bbox 416 547 511 586; x_wconf 88' lang='lat' dir='ltr'>meam</span> <span class='ocrx_word' id='word_1_18' title='bbox 535 529 689 606; x_wconf 85' lang='lat' dir='ltr'>populique</span> <span class='ocrx_word' id='word_1_19' title='bbox 723 530 851 589; x_wconf 87' lang='lat' dir='ltr'>Romani</span> <span class='ocrx_word' id='word_1_20' title='bbox 878 529 1037 589; x_wconf 66' lang='lat' dir='ltr'>ditionem?</span> <span class='ocrx_word' id='word_1_21' title='bbox 1050 531 1067 559; x_wconf 87' lang='lat'>’&#39;</span> 
     </span>
     <span class='ocr_line' id='line_1_4' title="bbox 15 601 1167 685; baseline 0.004 -20"><span class='ocrx_word' id='word_1_22' title='bbox 15 601 20 652; x_wconf 75' lang='lat' dir='ltr'>l</span> <span class='ocrx_word' id='word_1_23' title='bbox 92 607 297 682; x_wconf 79' lang='lat' dir='ltr'>“Dedimus&#39;‘</span> <span class='ocrx_word' id='word_1_24' title='bbox 339 607 411 666; x_wconf 90' lang='lat' dir='ltr'>“At</span> <span class='ocrx_word' id='word_1_25' title='bbox 432 627 488 684; x_wconf 85' lang='lat' dir='ltr'>ogo</span> <span class='ocrx_word' id='word_1_26' title='bbox 511 609 651 685; x_wconf 87' lang='lat' dir='ltr'>recipio.”</span> <span class='ocrx_word' id='word_1_27' title='bbox 692 607 774 672; x_wconf 90' lang='lat' dir='ltr'>Bello</span> <span class='ocrx_word' id='word_1_28' title='bbox 798 609 907 666; x_wconf 90' lang='lat' dir='ltr'>Sabino</span> <span class='ocrx_word' id='word_1_29' title='bbox 930 610 1068 685; x_wconf 82' lang='lat' dir='ltr'>perfecto,</span> <span class='ocrx_word' id='word_1_30' title='bbox 1160 657 1167 662; x_wconf 81' lang='lat'>.</span> 
     </span>
     <span class='ocr_line' id='line_1_5' title="bbox 90 685 1070 764; baseline 0.003 -20"><span class='ocrx_word' id='word_1_31' title='bbox 90 685 270 763; x_wconf 73' lang='lat' dir='ltr'>Tarquinius</span> <span class='ocrx_word' id='word_1_32' title='bbox 293 687 474 763; x_wconf 83' lang='lat' dir='ltr'>triumphans</span> <span class='ocrx_word' id='word_1_33' title='bbox 488 689 614 747; x_wconf 83' lang='lat' dir='ltr'><strong>Romam</strong></span> <span class='ocrx_word' id='word_1_34' title='bbox 629 688 734 746; x_wconf 90' lang='lat' dir='ltr'>rediit:</span> <span class='ocrx_word' id='word_1_35' title='bbox 755 688 824 745; x_wconf 89' lang='lat' dir='ltr'>iude</span> <span class='ocrx_word' id='word_1_36' title='bbox 837 689 940 764; x_wconf 80' lang='lat' dir='ltr'>priscis</span> <span class='ocrx_word' id='word_1_37' title='bbox 956 687 1070 747; x_wconf 88' lang='lat' dir='ltr'>Latinis</span> 
     </span>
     <span class='ocr_line' id='line_1_6' title="bbox 55 765 1103 842; baseline 0.007 -19"><span class='ocrx_word' id='word_1_38' title='bbox 55 765 64 786; x_wconf 83' lang='lat'><strong><em>&#39;</em></strong></span> <span class='ocrx_word' id='word_1_39' title='bbox 90 765 197 824; x_wconf 88' lang='lat' dir='ltr'>bellum</span> <span class='ocrx_word' id='word_1_40' title='bbox 212 767 300 825; x_wconf 87' lang='lat' dir='ltr'>fecit:</span> <span class='ocrx_word' id='word_1_41' title='bbox 322 768 373 825; x_wconf 88' lang='lat' dir='ltr'>ubi</span> <span class='ocrx_word' id='word_1_42' title='bbox 396 787 539 842; x_wconf 80' lang='lat' dir='ltr'>nusquam</span> <span class='ocrx_word' id='word_1_43' title='bbox 561 769 597 824; x_wconf 91' lang='lat' dir='ltr'>ad</span> <span class='ocrx_word' id='word_1_44' title='bbox 622 767 763 824; x_wconf 84' lang='lat' dir='ltr'>universae</span> <span class='ocrx_word' id='word_1_45' title='bbox 786 768 829 824; x_wconf 87' lang='lat' dir='ltr'>rei</span> <span class='ocrx_word' id='word_1_46' title='bbox 850 767 1068 834; x_wconf 81' lang='lat' dir='ltr'>dimicationem</span> <span class='ocrx_word' id='word_1_47' title='bbox 1089 792 1103 830; x_wconf 84' lang='lat'><strong>5</strong></span> 
     </span>
     <span class='ocr_line' id='line_1_7' title="bbox 86 847 1099 931; baseline 0.006 -31"><span class='ocrx_word' id='word_1_48' title='bbox 86 856 274 914; x_wconf 70' lang='lat' dir='ltr'>ventumst,</span> <span class='ocrx_word' id='word_1_49' title='bbox 291 847 327 903; x_wconf 93' lang='lat' dir='ltr'>ad</span> <span class='ocrx_word' id='word_1_50' title='bbox 351 847 466 922; x_wconf 81' lang='lat' dir='ltr'>singula</span> <span class='ocrx_word' id='word_1_51' title='bbox 486 847 592 931; x_wconf 86' lang='lat' dir='ltr'>oppida</span> <span class='ocrx_word' id='word_1_52' title='bbox 613 847 845 904; x_wconf 76' lang='lat' dir='ltr'>circumferendo</span> <span class='ocrx_word' id='word_1_53' title='bbox 869 865 958 915; x_wconf 90' lang='lat' dir='ltr'>arma,</span> <span class='ocrx_word' id='word_1_54' title='bbox 981 865 1069 906; x_wconf 89' lang='lat' dir='ltr'>omne</span> <span class='ocrx_word' id='word_1_55' title='bbox 1095 863 1099 869; x_wconf 84' lang='lat'>·</span> 
     </span>
     <span class='ocr_line' id='line_1_8' title="bbox 15 924 1068 998; baseline 0.003 -16"><span class='ocrx_word' id='word_1_56' title='bbox 15 951 18 976; x_wconf 77' lang='grc' dir='ltr'>ι</span> <span class='ocrx_word' id='word_1_57' title='bbox 89 944 196 984; x_wconf 86' lang='lat' dir='ltr'>nomen</span> <span class='ocrx_word' id='word_1_58' title='bbox 220 924 358 983; x_wconf 89' lang='lat' dir='ltr'>Latinum</span> <span class='ocrx_word' id='word_1_59' title='bbox 380 925 499 983; x_wconf 85' lang='lat' dir='ltr'><strong>domuit.</strong></span> <span class='ocrx_word' id='word_1_60' title='bbox 542 925 743 998; x_wconf 80' lang='lat' dir='ltr'>Corniculum,</span> <span class='ocrx_word' id='word_1_61' title='bbox 758 925 880 983; x_wconf 81' lang='lat' dir='ltr'>Ficulea</span> <span class='ocrx_word' id='word_1_62' title='bbox 902 936 995 995; x_wconf 85' lang='lat' dir='ltr'>vetus,</span> <span class='ocrx_word' id='word_1_63' title='bbox 1010 927 1068 985; x_wconf 87' lang='lat' dir='ltr'>Ca·</span> 
     </span>
     <span class='ocr_line' id='line_1_9' title="bbox 15 1003 1069 1078; baseline 0.004 -16"><span class='ocrx_word' id='word_1_64' title='bbox 15 1013 17 1030; x_wconf 64' lang='lat'><em>¹</em></span> <span class='ocrx_word' id='word_1_65' title='bbox 87 1005 189 1078; x_wconf 88' lang='lat' dir='ltr'>meria,</span> <span class='ocrx_word' id='word_1_66' title='bbox 202 1003 444 1076; x_wconf 82' lang='lat' dir='ltr'>Crustumerium,</span> <span class='ocrx_word' id='word_1_67' title='bbox 459 1004 618 1072; x_wconf 86' lang='lat' dir='ltr'>Ameriola,</span> <span class='ocrx_word' id='word_1_68' title='bbox 633 1005 785 1076; x_wconf 81' lang='lat' dir='ltr'>Medullia,</span> <span class='ocrx_word' id='word_1_69' title='bbox 799 1005 989 1074; x_wconf 81' lang='lat' dir='ltr'>Nomentum,</span> <span class='ocrx_word' id='word_1_70' title='bbox 1004 1007 1069 1066; x_wconf 79' lang='lat' dir='ltr'>haeo</span> 
     </span>
     <span class='ocr_line' id='line_1_10' title="bbox 81 1082 1104 1160; baseline 0.003 -21"><span class='ocrx_word' id='word_1_71' title='bbox 81 1084 124 1160; x_wconf 51' lang='lat' dir='ltr'>¹dc</span> <span class='ocrx_word' id='word_1_72' title='bbox 138 1083 241 1158; x_wconf 79' lang='lat' dir='ltr'>priscis</span> <span class='ocrx_word' id='word_1_73' title='bbox 256 1083 378 1149; x_wconf 87' lang='lat' dir='ltr'>Latinis,</span> <span class='ocrx_word' id='word_1_74' title='bbox 394 1093 443 1138; x_wconf 87' lang='lat' dir='ltr'>aut</span> <span class='ocrx_word' id='word_1_75' title='bbox 464 1082 512 1157; x_wconf 92' lang='lat' dir='ltr'>qui</span> <span class='ocrx_word' id='word_1_76' title='bbox 535 1083 571 1139; x_wconf 91' lang='lat' dir='ltr'>ad</span> <span class='ocrx_word' id='word_1_77' title='bbox 593 1083 714 1140; x_wconf 89' lang='lat' dir='ltr'>Latinos</span> <span class='ocrx_word' id='word_1_78' title='bbox 727 1083 905 1156; x_wconf 76' lang='lat' dir='ltr'>deiecerant,</span> <span class='ocrx_word' id='word_1_79' title='bbox 920 1095 1005 1160; x_wconf 89' lang='lat' dir='ltr'>capta</span> <span class='ocrx_word' id='word_1_80' title='bbox 1017 1104 1067 1160; x_wconf 93' lang='lat' dir='ltr'>op-</span> <span class='ocrx_word' id='word_1_81' title='bbox 1086 1121 1104 1133; x_wconf 46' lang='grc' dir='ltr'><em>κ</em></span> 
     </span>
     <span class='ocr_line' id='line_1_11' title="bbox 15 1161 1102 1239; baseline 0.006 -21"><span class='ocrx_word' id='word_1_82' title='bbox 15 1193 17 1200; x_wconf 69' lang='lat'>,</span> <span class='ocrx_word' id='word_1_83' title='bbox 87 1163 162 1237; x_wconf 75' lang='lat' dir='ltr'>pide.</span> <span class='ocrx_word' id='word_1_84' title='bbox 205 1161 266 1218; x_wconf 88' lang='lat' dir='ltr'>Pax</span> <span class='ocrx_word' id='word_1_85' title='bbox 291 1161 398 1218; x_wconf 87' lang='lat' dir='ltr'>deinde</span> <span class='ocrx_word' id='word_1_86' title='bbox 425 1171 469 1218; x_wconf 87' lang='lat' dir='ltr'>est</span> <span class='ocrx_word' id='word_1_87' title='bbox 495 1161 580 1219; x_wconf 84' lang='lat' dir='ltr'>facta.</span> <span class='ocrx_word' id='word_1_88' title='bbox 622 1161 735 1238; x_wconf 86' lang='lat' dir='ltr'>Majore</span> <span class='ocrx_word' id='word_1_89' title='bbox 766 1161 837 1218; x_wconf 87' lang='lat' dir='ltr'>inde</span> <span class='ocrx_word' id='word_1_90' title='bbox 864 1163 961 1221; x_wconf 88' lang='lat' dir='ltr'>animo</span> <span class='ocrx_word' id='word_1_91' title='bbox 986 1164 1067 1239; x_wconf 82' lang='lat' dir='ltr'>pacis</span> <span class='ocrx_word' id='word_1_92' title='bbox 1077 1186 1102 1225; x_wconf 83' lang='grc' dir='ltr'>ιο</span> 
     </span>
     <span class='ocr_line' id='line_1_12' title="bbox 85 1239 1067 1317; baseline 0.002 -19"><span class='ocrx_word' id='word_1_93' title='bbox 85 1259 174 1316; x_wconf 79' lang='lat' dir='ltr'>opera</span> <span class='ocrx_word' id='word_1_94' title='bbox 194 1240 340 1308; x_wconf 86' lang='lat' dir='ltr'>inchoata,</span> <span class='ocrx_word' id='word_1_95' title='bbox 365 1239 452 1314; x_wconf 69' lang='lat' dir='ltr'>quam</span> <span class='ocrx_word' id='word_1_96' title='bbox 476 1241 582 1314; x_wconf 75' lang='lat' dir='ltr'>quantt</span> <span class='ocrx_word' id='word_1_97' title='bbox 604 1241 679 1298; x_wconf 90' lang='lat' dir='ltr'>mole</span> <span class='ocrx_word' id='word_1_98' title='bbox 698 1251 827 1317; x_wconf 84' lang='lat' dir='ltr'>gesserat</span> <span class='ocrx_word' id='word_1_99' title='bbox 848 1241 941 1310; x_wconf 84' lang='lat' dir='ltr'>bella3</span> <span class='ocrx_word' id='word_1_100' title='bbox 962 1252 1067 1300; x_wconf 90' lang='lat' dir='ltr'>utnon</span> 
     </span>
     <span class='ocr_line' id='line_1_13' title="bbox 87 1318 1067 1394; baseline 0.002 -17"><span class='ocrx_word' id='word_1_101' title='bbox 87 1319 208 1394; x_wconf 86' lang='lat' dir='ltr'>quietior</span> <span class='ocrx_word' id='word_1_102' title='bbox 235 1319 357 1394; x_wconf 89' lang='lat' dir='ltr'>populus</span> <span class='ocrx_word' id='word_1_103' title='bbox 383 1318 462 1376; x_wconf 91' lang='lat' dir='ltr'>domi</span> <span class='ocrx_word' id='word_1_104' title='bbox 488 1329 574 1392; x_wconf 85' lang='lat' dir='ltr'>esset,</span> <span class='ocrx_word' id='word_1_105' title='bbox 596 1320 682 1394; x_wconf 74' lang='lat' dir='ltr'>quam</span> <span class='ocrx_word' id='word_1_106' title='bbox 709 1319 819 1377; x_wconf 86' lang='lat' dir='ltr'>militiae</span> <span class='ocrx_word' id='word_1_107' title='bbox 847 1320 967 1378; x_wconf 87' lang='lat' dir='ltr'>fuisset:</span> <span class='ocrx_word' id='word_1_108' title='bbox 998 1339 1067 1380; x_wconf 89' lang='lat' dir='ltr'>nam</span> 
     </span>
     <span class='ocr_line' id='line_1_14' title="bbox 85 1399 1067 1474; baseline 0.002 -18"><span class='ocrx_word' id='word_1_109' title='bbox 85 1411 115 1458; x_wconf 86' lang='lat' dir='ltr'>et</span> <span class='ocrx_word' id='word_1_110' title='bbox 129 1416 211 1456; x_wconf 88' lang='lat' dir='ltr'>muro</span> <span class='ocrx_word' id='word_1_111' title='bbox 225 1399 349 1474; x_wconf 88' lang='lat' dir='ltr'>lapideo,</span> <span class='ocrx_word' id='word_1_112' title='bbox 375 1399 459 1474; x_wconf 90' lang='lat' dir='ltr'>cujus</span> <span class='ocrx_word' id='word_1_113' title='bbox 472 1399 623 1456; x_wconf 84' lang='lat' dir='ltr'>exordium</span> <span class='ocrx_word' id='word_1_114' title='bbox 647 1399 743 1474; x_wconf 89' lang='lat' dir='ltr'>operis</span> <span class='ocrx_word' id='word_1_115' title='bbox 758 1399 868 1456; x_wconf 86' lang='lat' dir='ltr'>Sabino</span> <span class='ocrx_word' id='word_1_116' title='bbox 882 1400 958 1459; x_wconf 86' lang='lat' dir='ltr'>bello</span> <span class='ocrx_word' id='word_1_117' title='bbox 970 1401 1067 1458; x_wconf 86' lang='lat' dir='ltr'>turba·</span> 
     </span>
     <span class='ocr_line' id='line_1_15' title="bbox 86 1478 1068 1554; baseline 0.002 -19"><span class='ocrx_word' id='word_1_118' title='bbox 86 1488 148 1535; x_wconf 91' lang='lat' dir='ltr'>tum</span> <span class='ocrx_word' id='word_1_119' title='bbox 162 1486 233 1550; x_wconf 89' lang='lat' dir='ltr'>erat,</span> <span class='ocrx_word' id='word_1_120' title='bbox 244 1478 357 1545; x_wconf 88' lang='lat' dir='ltr'>urbem,</span> <span class='ocrx_word' id='word_1_121' title='bbox 377 1479 433 1552; x_wconf 76' lang='lat' dir='ltr'>qud</span> <span class='ocrx_word' id='word_1_122' title='bbox 451 1478 581 1535; x_wconf 93' lang='lat' dir='ltr'>nondum</span> <span class='ocrx_word' id='word_1_123' title='bbox 605 1478 760 1546; x_wconf 87' lang='lat' dir='ltr'>munierat,</span> <span class='ocrx_word' id='word_1_124' title='bbox 775 1479 894 1554; x_wconf 82' lang='lat' dir='ltr'>cingere</span> <span class='ocrx_word' id='word_1_125' title='bbox 918 1489 1023 1554; x_wconf 84' lang='lat' dir='ltr'>parat3-</span> <span class='ocrx_word' id='word_1_126' title='bbox 1038 1490 1068 1537; x_wconf 86' lang='lat' dir='ltr'>et</span> 
     </span>
     <span class='ocr_line' id='line_1_16' title="bbox 85 1557 1102 1635; baseline 0.005 -21"><span class='ocrx_word' id='word_1_127' title='bbox 85 1557 185 1614; x_wconf 88' lang='lat' dir='ltr'>infima</span> <span class='ocrx_word' id='word_1_128' title='bbox 208 1558 288 1615; x_wconf 88' lang='lat' dir='ltr'>urbis</span> <span class='ocrx_word' id='word_1_129' title='bbox 308 1558 373 1615; x_wconf 91' lang='lat' dir='ltr'>loca</span> <span class='ocrx_word' id='word_1_130' title='bbox 396 1557 476 1614; x_wconf 91' lang='lat' dir='ltr'>circa</span> <span class='ocrx_word' id='word_1_131' title='bbox 496 1557 599 1630; x_wconf 88' lang='lat' dir='ltr'>forum,</span> <span class='ocrx_word' id='word_1_132' title='bbox 614 1557 741 1631; x_wconf 86' lang='lat' dir='ltr'>aliasque</span> <span class='ocrx_word' id='word_1_133' title='bbox 755 1557 922 1635; x_wconf 86' lang='lat' dir='ltr'>interjectas</span> <span class='ocrx_word' id='word_1_134' title='bbox 944 1558 1066 1618; x_wconf 90' lang='lat' dir='ltr'>collibus</span> <span class='ocrx_word' id='word_1_135' title='bbox 1076 1580 1102 1618; x_wconf 86' lang='lat'>15</span> 
     </span>
     <span class='ocr_line' id='line_1_17' title="bbox 85 1635 1065 1718; baseline 0.002 -24"><span class='ocrx_word' id='word_1_136' title='bbox 85 1636 240 1705; x_wconf 86' lang='lat' dir='ltr'>convalles,</span> <span class='ocrx_word' id='word_1_137' title='bbox 257 1635 338 1712; x_wconf 89' lang='lat' dir='ltr'>(quia</span> <span class='ocrx_word' id='word_1_138' title='bbox 351 1655 388 1693; x_wconf 88' lang='lat' dir='ltr'>ex</span> <span class='ocrx_word' id='word_1_139' title='bbox 400 1635 495 1711; x_wconf 88' lang='lat' dir='ltr'>planis</span> <span class='ocrx_word' id='word_1_140' title='bbox 508 1637 580 1694; x_wconf 89' lang='lat' dir='ltr'>locis</span> <span class='ocrx_word' id='word_1_141' title='bbox 595 1637 672 1693; x_wconf 87' lang='lat' dir='ltr'>haud</span> <span class='ocrx_word' id='word_1_142' title='bbox 686 1635 773 1694; x_wconf 72' lang='lat' dir='ltr'>facilc</span> <span class='ocrx_word' id='word_1_143' title='bbox 787 1638 950 1695; x_wconf 88' lang='lat' dir='ltr'>evehebant</span> <span class='ocrx_word' id='word_1_144' title='bbox 963 1639 1065 1718; x_wconf 88' lang='lat' dir='ltr'>aquas)</span> 
     </span>
     <span class='ocr_line' id='line_1_18' title="bbox 85 1713 1066 1792; baseline 0 -18"><span class='ocrx_word' id='word_1_145' title='bbox 85 1716 193 1774; x_wconf 89' lang='lat' dir='ltr'>cloacis</span> <span class='ocrx_word' id='word_1_146' title='bbox 214 1734 231 1773; x_wconf 89' lang='lat' dir='ltr'>e</span> <span class='ocrx_word' id='word_1_147' title='bbox 253 1716 368 1792; x_wconf 85' lang='lat' dir='ltr'>fastigio</span> <span class='ocrx_word' id='word_1_148' title='bbox 393 1715 423 1772; x_wconf 90' lang='lat' dir='ltr'>in</span> <span class='ocrx_word' id='word_1_149' title='bbox 451 1713 586 1773; x_wconf 90' lang='lat' dir='ltr'>Tiberim</span> <span class='ocrx_word' id='word_1_150' title='bbox 610 1716 705 1773; x_wconf 86' lang='lat' dir='ltr'>ductis</span> <span class='ocrx_word' id='word_1_151' title='bbox 727 1715 835 1786; x_wconf 90' lang='lat' dir='ltr'>siccat;</span> <span class='ocrx_word' id='word_1_152' title='bbox 868 1726 898 1773; x_wconf 89' lang='lat' dir='ltr'>et</span> <span class='ocrx_word' id='word_1_153' title='bbox 917 1736 1014 1774; x_wconf 90' lang='lat' dir='ltr'>aream</span> <span class='ocrx_word' id='word_1_154' title='bbox 1028 1719 1066 1774; x_wconf 89' lang='lat' dir='ltr'>ad</span> 
     </span>
     <span class='ocr_line' id='line_1_19' title="bbox 85 1794 1065 1870; baseline -0.002 -16"><span class='ocrx_word' id='word_1_155' title='bbox 85 1797 176 1854; x_wconf 81' lang='lat' dir='ltr'>aedem</span> <span class='ocrx_word' id='word_1_156' title='bbox 190 1795 222 1852; x_wconf 91' lang='lat' dir='ltr'>in</span> <span class='ocrx_word' id='word_1_157' title='bbox 240 1795 384 1870; x_wconf 82' lang='lat' dir='ltr'>Capitolio</span> <span class='ocrx_word' id='word_1_158' title='bbox 409 1794 500 1862; x_wconf 90' lang='lat' dir='ltr'>Jovis,</span> <span class='ocrx_word' id='word_1_159' title='bbox 522 1815 608 1870; x_wconf 88' lang='lat' dir='ltr'>quam</span> <span class='ocrx_word' id='word_1_160' title='bbox 633 1805 749 1853; x_wconf 86' lang='lat' dir='ltr'>voverat</span> <span class='ocrx_word' id='word_1_161' title='bbox 772 1794 848 1852; x_wconf 88' lang='lat' dir='ltr'>bello</span> <span class='ocrx_word' id='word_1_162' title='bbox 873 1796 991 1862; x_wconf 83' lang='lat' dir='ltr'>Sabino,</span> <span class='ocrx_word' id='word_1_163' title='bbox 1004 1796 1065 1870; x_wconf 90' lang='lat' dir='ltr'>jam</span> 
     </span>
     <span class='ocr_line' id='line_1_20' title="bbox 54 1865 1065 1952; baseline 0 -20"><span class='ocrx_word' id='word_1_164' title='bbox 54 1891 57 1898; x_wconf 89' lang='lat'>·</span> <span class='ocrx_word' id='word_1_165' title='bbox 83 1875 273 1950; x_wconf 74' lang='lat' dir='ltr'>presagiente</span> <span class='ocrx_word' id='word_1_166' title='bbox 289 1875 387 1932; x_wconf 88' lang='lat' dir='ltr'>animo</span> <span class='ocrx_word' id='word_1_167' title='bbox 401 1872 528 1931; x_wconf 84' lang='lat' dir='ltr'>futuram</span> <span class='ocrx_word' id='word_1_168' title='bbox 541 1875 611 1933; x_wconf 92' lang='lat' dir='ltr'>olim</span> <span class='ocrx_word' id='word_1_169' title='bbox 625 1865 844 1952; x_wconf 83' lang='lat' dir='ltr'>amplitudinem</span> <span class='ocrx_word' id='word_1_170' title='bbox 858 1873 925 1942; x_wconf 92' lang='lat' dir='ltr'>loci,</span> <span class='ocrx_word' id='word_1_171' title='bbox 939 1886 1065 1951; x_wconf 88' lang='lat' dir='ltr'>occupat</span> 
     </span>
     <span class='ocr_line' id='line_1_21' title="bbox 84 1953 1101 2043; baseline 0.004 -33"><span class='ocrx_word' id='word_1_172' title='bbox 84 1953 291 2012; x_wconf 83' lang='lat' dir='ltr'>fundamentis.</span> <span class='ocrx_word' id='word_1_173' title='bbox 312 1958 361 2043; x_wconf 42' lang='lat' dir='ltr'>alt</span> <span class='ocrx_word' id='word_1_174' title='bbox 451 1965 454 1978; x_wconf 91' lang='grc'>·</span> <span class='ocrx_word' id='word_1_175' title='bbox 1072 1977 1101 2016; x_wconf 78' lang='lat' dir='ltr'>aa</span> 
     </span>
    </p>
   </div>
   <div class='ocr_carea' id='block_1_3' title="bbox 123 2109 1063 2187">
    <p class='ocr_par' dir='ltr' id='par_1_3' title="bbox 123 2109 1063 2187">
     <span class='ocr_line' id='line_1_22' title="bbox 123 2109 1063 2187; baseline 0 -19"><span class='ocrx_word' id='word_1_176' title='bbox 123 2109 273 2168; x_wconf 87' lang='lat' dir='ltr'>XXXIX.</span> <span class='ocrx_word' id='word_1_177' title='bbox 295 2109 340 2166; x_wconf 90' lang='lat' dir='ltr'>Eo</span> <span class='ocrx_word' id='word_1_178' title='bbox 350 2127 354 2131; x_wconf 71' lang='grc'><strong><em>’</em></strong></span> <span class='ocrx_word' id='word_1_179' title='bbox 363 2120 491 2185; x_wconf 86' lang='lat' dir='ltr'>tempore</span> <span class='ocrx_word' id='word_1_180' title='bbox 505 2110 535 2168; x_wconf 92' lang='lat' dir='ltr'>in</span> <span class='ocrx_word' id='word_1_181' title='bbox 549 2110 629 2186; x_wconf 78' lang='lat' dir='ltr'>regid</span> <span class='ocrx_word' id='word_1_182' title='bbox 646 2111 810 2187; x_wconf 84' lang='lat' dir='ltr'>prodigium</span> <span class='ocrx_word' id='word_1_183' title='bbox 825 2111 887 2168; x_wconf 88' lang='lat' dir='ltr'>visu</span> <span class='ocrx_word' id='word_1_184' title='bbox 901 2121 1063 2186; x_wconf 88' lang='lat' dir='ltr'>eventuque</span> 
     </span>
    </p>
   </div>
   <div class='ocr_carea' id='block_1_4' title="bbox 23 2188 1160 3852">
    <p class='ocr_par' dir='ltr' id='par_1_4' title="bbox 83 2188 1100 3216">
     <span class='ocr_line' id='line_1_23' title="bbox 85 2188 1062 2258; baseline 0 -11"><span class='ocrx_word' id='word_1_185' title='bbox 85 2190 215 2248; x_wconf 82' lang='lat' dir='ltr'>mirabile</span> <span class='ocrx_word' id='word_1_186' title='bbox 237 2188 299 2246; x_wconf 84' lang='lat' dir='ltr'>fuit.</span> <span class='ocrx_word' id='word_1_187' title='bbox 341 2188 436 2246; x_wconf 86' lang='lat' dir='ltr'>Puero</span> <span class='ocrx_word' id='word_1_188' title='bbox 460 2190 623 2258; x_wconf 86' lang='lat' dir='ltr'>dormienti,</span> <span class='ocrx_word' id='word_1_189' title='bbox 639 2191 687 2247; x_wconf 90' lang='lat' dir='ltr'>cui</span> <span class='ocrx_word' id='word_1_190' title='bbox 712 2191 814 2248; x_wconf 86' lang='lat' dir='ltr'>Servio</span> <span class='ocrx_word' id='word_1_191' title='bbox 834 2191 934 2248; x_wconf 88' lang='lat' dir='ltr'>Tullio</span> <span class='ocrx_word' id='word_1_192' title='bbox 955 2209 1062 2247; x_wconf 88' lang='lat' dir='ltr'>nomen</span> 
     </span>
     <span class='ocr_line' id='line_1_24' title="bbox 84 2267 1063 2345; baseline -0.001 -18"><span class='ocrx_word' id='word_1_193' title='bbox 84 2270 147 2337; x_wconf 87' lang='lat' dir='ltr'>suit,</span> <span class='ocrx_word' id='word_1_194' title='bbox 164 2279 252 2343; x_wconf 90' lang='lat' dir='ltr'>caput</span> <span class='ocrx_word' id='word_1_195' title='bbox 276 2267 378 2324; x_wconf 85' lang='lat' dir='ltr'>arsisse</span> <span class='ocrx_word' id='word_1_196' title='bbox 401 2268 498 2325; x_wconf 86' lang='lat' dir='ltr'>ferunt</span> <span class='ocrx_word' id='word_1_197' title='bbox 519 2269 674 2330; x_wconf 89' lang='lat' dir='ltr'>multorum</span> <span class='ocrx_word' id='word_1_198' title='bbox 696 2270 726 2327; x_wconf 89' lang='lat' dir='ltr'>in</span> <span class='ocrx_word' id='word_1_199' title='bbox 741 2280 919 2345; x_wconf 89' lang='lat' dir='ltr'>conspectu:</span> <span class='ocrx_word' id='word_1_200' title='bbox 940 2269 1063 2344; x_wconf 91' lang='lat' dir='ltr'>plurimo</span> 
     </span>
     <span class='ocr_line' id='line_1_25' title="bbox 84 2346 1064 2425; baseline 0.002 -21"><span class='ocrx_word' id='word_1_201' title='bbox 84 2349 171 2425; x_wconf 85' lang='lat' dir='ltr'>igitur</span> <span class='ocrx_word' id='word_1_202' title='bbox 186 2347 311 2404; x_wconf 90' lang='lat' dir='ltr'>clamore</span> <span class='ocrx_word' id='word_1_203' title='bbox 327 2346 395 2403; x_wconf 92' lang='lat' dir='ltr'>inde</span> <span class='ocrx_word' id='word_1_204' title='bbox 419 2348 456 2404; x_wconf 87' lang='lat' dir='ltr'>ad</span> <span class='ocrx_word' id='word_1_205' title='bbox 480 2359 567 2405; x_wconf 83' lang='lat' dir='ltr'>tantae</span> <span class='ocrx_word' id='word_1_206' title='bbox 580 2348 623 2405; x_wconf 88' lang='lat' dir='ltr'>rei</span> <span class='ocrx_word' id='word_1_207' title='bbox 637 2349 808 2406; x_wconf 86' lang='lat' dir='ltr'>miraculum</span> <span class='ocrx_word' id='word_1_208' title='bbox 822 2359 884 2405; x_wconf 91' lang='lat' dir='ltr'>orto</span> <span class='ocrx_word' id='word_1_209' title='bbox 897 2349 1064 2420; x_wconf 37' lang='lat' dir='ltr'>excitos-re·</span> 
     </span>
     <span class='ocr_line' id='line_1_26' title="bbox 83 2427 1100 2504; baseline 0.001 -20"><span class='ocrx_word' id='word_1_210' title='bbox 83 2447 154 2504; x_wconf 80' lang='lat' dir='ltr'>ges:</span> <span class='ocrx_word' id='word_1_211' title='bbox 175 2437 205 2484; x_wconf 89' lang='lat' dir='ltr'>et</span> <span class='ocrx_word' id='word_1_212' title='bbox 218 2446 306 2501; x_wconf 93' lang='lat' dir='ltr'>quum</span> <span class='ocrx_word' id='word_1_213' title='bbox 321 2427 446 2500; x_wconf 81' lang='lat' dir='ltr'>quidam.</span> <span class='ocrx_word' id='word_1_214' title='bbox 459 2427 642 2497; x_wconf 84' lang='lat' dir='ltr'>familiarium</span> <span class='ocrx_word' id='word_1_215' title='bbox 656 2447 759 2502; x_wconf 88' lang='lat' dir='ltr'>aquam</span> <span class='ocrx_word' id='word_1_216' title='bbox 773 2428 810 2484; x_wconf 88' lang='lat' dir='ltr'>ad</span> <span class='ocrx_word' id='word_1_217' title='bbox 823 2427 1061 2502; x_wconf 85' lang='lat' dir='ltr'>restinguendum</span> <span class='ocrx_word' id='word_1_218' title='bbox 1073 2446 1100 2486; x_wconf 75' lang='lat'>25</span> 
     </span>
     <span class='ocr_line' id='line_1_27' title="bbox 84 2503 1062 2582; baseline -0.003 -17"><span class='ocrx_word' id='word_1_219' title='bbox 84 2509 180 2580; x_wconf 86' lang='lat' dir='ltr'>ferret,</span> <span class='ocrx_word' id='word_1_220' title='bbox 203 2506 239 2563; x_wconf 91' lang='lat' dir='ltr'>ab</span> <span class='ocrx_word' id='word_1_221' title='bbox 262 2505 363 2581; x_wconf 66' lang='lat' dir='ltr'>regina</span> <span class='ocrx_word' id='word_1_222' title='bbox 387 2515 551 2563; x_wconf 85' lang='lat' dir='ltr'>retentum:</span> <span class='ocrx_word' id='word_1_223' title='bbox 567 2507 721 2582; x_wconf 88' lang='lat' dir='ltr'>sedatoque</span> <span class='ocrx_word' id='word_1_224' title='bbox 733 2526 797 2564; x_wconf 88' lang='lat' dir='ltr'>eam</span> <span class='ocrx_word' id='word_1_225' title='bbox 811 2503 935 2564; x_wconf 82' lang='lat' dir='ltr'>tumultd</span> <span class='ocrx_word' id='word_1_226' title='bbox 954 2507 1062 2564; x_wconf 75' lang='lat' dir='ltr'>morem</span> 
     </span>
     <span class='ocr_line' id='line_1_28' title="bbox 83 2585 1063 2662; baseline 0 -20"><span class='ocrx_word' id='word_1_227' title='bbox 83 2587 207 2644; x_wconf 87' lang='lat' dir='ltr'>vetuisse</span> <span class='ocrx_word' id='word_1_228' title='bbox 225 2604 358 2661; x_wconf 88' lang='lat' dir='ltr'>puerum,</span> <span class='ocrx_word' id='word_1_229' title='bbox 381 2585 475 2642; x_wconf 89' lang='lat' dir='ltr'>donec</span> <span class='ocrx_word' id='word_1_230' title='bbox 489 2589 540 2642; x_wconf 72' lang='lat' dir='ltr'>sual</span> <span class='ocrx_word' id='word_1_231' title='bbox 554 2597 655 2660; x_wconf 88' lang='lat' dir='ltr'>sponte</span> <span class='ocrx_word' id='word_1_232' title='bbox 669 2597 855 2662; x_wconf 87' lang='lat' dir='ltr'>experrectus</span> <span class='ocrx_word' id='word_1_233' title='bbox 879 2595 974 2643; x_wconf 87' lang='lat' dir='ltr'>esset:</span> <span class='ocrx_word' id='word_1_234' title='bbox 995 2603 1063 2647; x_wconf 86' lang='lat' dir='ltr'>mox</span> 
     </span>
     <span class='ocr_line' id='line_1_29' title="bbox 83 2663 1072 2742; baseline -0.003 -18"><span class='ocrx_word' id='word_1_235' title='bbox 83 2685 151 2724; x_wconf 90' lang='lat' dir='ltr'>cum</span> <span class='ocrx_word' id='word_1_236' title='bbox 170 2685 270 2724; x_wconf 89' lang='lat' dir='ltr'>somno</span> <span class='ocrx_word' id='word_1_237' title='bbox 284 2676 314 2723; x_wconf 85' lang='lat' dir='ltr'>et</span> <span class='ocrx_word' id='word_1_238' title='bbox 327 2663 471 2742; x_wconf 83' lang='lat' dir='ltr'>flammam</span> <span class='ocrx_word' id='word_1_239' title='bbox 486 2665 600 2722; x_wconf 89' lang='lat' dir='ltr'>abiisse.</span> <span class='ocrx_word' id='word_1_240' title='bbox 641 2665 721 2722; x_wconf 88' lang='lat' dir='ltr'>Tum</span> <span class='ocrx_word' id='word_1_241' title='bbox 736 2666 861 2723; x_wconf 89' lang='lat' dir='ltr'>abducto</span> <span class='ocrx_word' id='word_1_242' title='bbox 872 2665 903 2722; x_wconf 88' lang='lat' dir='ltr'>in</span> <span class='ocrx_word' id='word_1_243' title='bbox 918 2676 1072 2722; x_wconf 87' lang='lat' dir='ltr'>secretum·</span> 
     </span>
     <span class='ocr_line' id='line_1_30' title="bbox 83 2743 1061 2820; baseline -0.002 -18"><span class='ocrx_word' id='word_1_244' title='bbox 83 2747 144 2803; x_wconf 85' lang='lat' dir='ltr'>viro</span> <span class='ocrx_word' id='word_1_245' title='bbox 158 2744 314 2818; x_wconf 86' lang='lat' dir='ltr'>Tanaquil,</span> <span class='ocrx_word' id='word_1_246' title='bbox 336 2753 355 2780; x_wconf 83' lang='lat'>“</span> <span class='ocrx_word' id='word_1_247' title='bbox 367 2743 485 2801; x_wconf 88' lang='lat' dir='ltr'>Vide’n’</span> <span class='ocrx_word' id='word_1_248' title='bbox 500 2755 531 2802; x_wconf 94' lang='lat' dir='ltr'>tu</span> <span class='ocrx_word' id='word_1_249' title='bbox 544 2763 666 2820; x_wconf 91' lang='lat' dir='ltr'>puerum</span> <span class='ocrx_word' id='word_1_250' title='bbox 687 2745 797 2811; x_wconf 90' lang='lat' dir='ltr'>hunc‚”</span> <span class='ocrx_word' id='word_1_251' title='bbox 819 2744 921 2818; x_wconf 89' lang='lat' dir='ltr'>inquit,</span> <span class='ocrx_word' id='word_1_252' title='bbox 945 2753 964 2779; x_wconf 90' lang='lat'>“</span> <span class='ocrx_word' id='word_1_253' title='bbox 975 2762 1061 2816; x_wconf 90' lang='lat' dir='ltr'>quem</span> 
     </span>
     <span class='ocr_line' id='line_1_31' title="bbox 85 2822 1098 2894; baseline -0.004 -13"><span class='ocrx_word' id='word_1_254' title='bbox 85 2835 104 2862; x_wconf 77' lang='lat'>‘⁶</span> <span class='ocrx_word' id='word_1_255' title='bbox 114 2836 173 2881; x_wconf 88' lang='lat' dir='ltr'>tam</span> <span class='ocrx_word' id='word_1_256' title='bbox 185 2822 288 2880; x_wconf 92' lang='lat' dir='ltr'>humili</span> <span class='ocrx_word' id='word_1_257' title='bbox 299 2823 379 2879; x_wconf 86' lang='lat' dir='ltr'>cultu</span> <span class='ocrx_word' id='word_1_258' title='bbox 388 2824 547 2880; x_wconf 87' lang='lat' dir='ltr'>educamus</span> <span class='ocrx_word' id='word_1_259' title='bbox 559 2826 570 2880; x_wconf 77' lang='lat' dir='ltr'>l</span> <span class='ocrx_word' id='word_1_260' title='bbox 594 2823 676 2880; x_wconf 85' lang='lat' dir='ltr'>Scire</span> <span class='ocrx_word' id='word_1_261' title='bbox 685 2822 764 2893; x_wconf 88' lang='lat' dir='ltr'>licet,</span> <span class='ocrx_word' id='word_1_262' title='bbox 778 2823 857 2878; x_wconf 93' lang='lat' dir='ltr'>hunc</span> <span class='ocrx_word' id='word_1_263' title='bbox 866 2822 963 2878; x_wconf 89' lang='lat' dir='ltr'>lumen</span> <span class='ocrx_word' id='word_1_264' title='bbox 973 2839 1062 2894; x_wconf 92' lang='lat' dir='ltr'>quon·</span> <span class='ocrx_word' id='word_1_265' title='bbox 1072 2840 1098 2878; x_wconf 84' lang='lat' dir='ltr'>cc</span> 
     </span>
     <span class='ocr_line' id='line_1_32' title="bbox 85 2899 1062 2976; baseline -0.007 -13"><span class='ocrx_word' id='word_1_266' title='bbox 85 2905 182 2962; x_wconf 89' lang='lat' dir='ltr'>“dam</span> <span class='ocrx_word' id='word_1_267' title='bbox 205 2903 292 2960; x_wconf 89' lang='lat' dir='ltr'>rebus</span> <span class='ocrx_word' id='word_1_268' title='bbox 316 2901 421 2960; x_wconf 89' lang='lat' dir='ltr'>nostris</span> <span class='ocrx_word' id='word_1_269' title='bbox 443 2903 538 2961; x_wconf 88' lang='lat' dir='ltr'>dubiis</span> <span class='ocrx_word' id='word_1_270' title='bbox 565 2902 702 2973; x_wconf 83' lang='lat' dir='ltr'>futurum,</span> <span class='ocrx_word' id='word_1_271' title='bbox 726 2901 947 2976; x_wconf 85' lang='lat' dir='ltr'>praesidiumque</span> <span class='ocrx_word' id='word_1_272' title='bbox 974 2899 1062 2975; x_wconf 83' lang='lat' dir='ltr'>regiae</span> 
     </span>
     <span class='ocr_line' id='line_1_33' title="bbox 83 2979 1062 3058; baseline -0.003 -18"><span class='ocrx_word' id='word_1_273' title='bbox 83 2990 104 3022; x_wconf 74' lang='lat'>⁴⁶</span> <span class='ocrx_word' id='word_1_274' title='bbox 116 2983 238 3040; x_wconf 85' lang='lat' dir='ltr'>afflictae.</span> <span class='ocrx_word' id='word_1_275' title='bbox 280 2980 405 3039; x_wconf 90' lang='lat' dir='ltr'>Proinde</span> <span class='ocrx_word' id='word_1_276' title='bbox 429 2983 579 3046; x_wconf 86' lang='lat' dir='ltr'>materiem</span> <span class='ocrx_word' id='word_1_277' title='bbox 593 2981 720 3058; x_wconf 83' lang='lat' dir='ltr'>ingentis</span> <span class='ocrx_word' id='word_1_278' title='bbox 740 2979 857 3057; x_wconf 72' lang='lat' dir='ltr'>publice</span> <span class='ocrx_word' id='word_1_279' title='bbox 872 2979 1062 3056; x_wconf 81' lang='lat' dir='ltr'>privatimque</span> 
     </span>
     <span class='ocr_line' id='line_1_34' title="bbox 85 3060 1061 3138; baseline -0.003 -18"><span class='ocrx_word' id='word_1_280' title='bbox 85 3073 104 3101; x_wconf 85' lang='lat'>“</span> <span class='ocrx_word' id='word_1_281' title='bbox 117 3062 231 3120; x_wconf 88' lang='lat' dir='ltr'>decoris</span> <span class='ocrx_word' id='word_1_282' title='bbox 244 3061 324 3118; x_wconf 90' lang='lat' dir='ltr'>omni</span> <span class='ocrx_word' id='word_1_283' title='bbox 338 3061 518 3138; x_wconf 66' lang='lat' dir='ltr'>indulgentia</span> <span class='ocrx_word' id='word_1_284' title='bbox 532 3063 631 3120; x_wconf 72' lang='lat' dir='ltr'>nostrai</span> <span class='ocrx_word' id='word_1_285' title='bbox 642 3060 834 3118; x_wconf 86' lang='lat' dir='ltr'>nutriamus.”</span> <span class='ocrx_word' id='word_1_286' title='bbox 856 3060 930 3117; x_wconf 87' lang='lat' dir='ltr'>Inde</span> <span class='ocrx_word' id='word_1_287' title='bbox 938 3079 1061 3134; x_wconf 88' lang='lat' dir='ltr'>puerum</span> 
     </span>
     <span class='ocr_line' id='line_1_35' title="bbox 83 3139 1063 3216; baseline -0.006 -16"><span class='ocrx_word' id='word_1_288' title='bbox 83 3143 205 3200; x_wconf 74' lang='lat' dir='ltr'>liberum</span> <span class='ocrx_word' id='word_1_289' title='bbox 229 3141 294 3197; x_wconf 90' lang='lat' dir='ltr'>loco</span> <span class='ocrx_word' id='word_1_290' title='bbox 315 3151 442 3216; x_wconf 86' lang='lat' dir='ltr'>coeptum</span> <span class='ocrx_word' id='word_1_291' title='bbox 466 3141 576 3209; x_wconf 89' lang='lat' dir='ltr'>haberi,</span> <span class='ocrx_word' id='word_1_292' title='bbox 591 3141 755 3214; x_wconf 87' lang='lat' dir='ltr'>erudirique</span> <span class='ocrx_word' id='word_1_293' title='bbox 769 3140 887 3206; x_wconf 91' lang='lat' dir='ltr'>artibus,</span> <span class='ocrx_word' id='word_1_294' title='bbox 902 3140 1007 3213; x_wconf 91' lang='lat' dir='ltr'>quibus</span> <span class='ocrx_word' id='word_1_295' title='bbox 1020 3139 1063 3195; x_wconf 88' lang='lat' dir='ltr'>in·</span> 
     </span>
    </p>

    <p class='ocr_par' dir='ltr' id='par_1_5' title="bbox 23 3217 1160 3852">
     <span class='ocr_line' id='line_1_36' title="bbox 23 3217 1099 3298; baseline -0.005 -19"><span class='ocrx_word' id='word_1_296' title='bbox 23 3242 27 3248; x_wconf 94' lang='lat'>·</span> <span class='ocrx_word' id='word_1_297' title='bbox 82 3221 170 3298; x_wconf 79' lang='lat' dir='ltr'>genia</span> <span class='ocrx_word' id='word_1_298' title='bbox 185 3220 221 3276; x_wconf 90' lang='lat' dir='ltr'>ad</span> <span class='ocrx_word' id='word_1_299' title='bbox 235 3239 349 3295; x_wconf 86' lang='lat' dir='ltr'>magnae</span> <span class='ocrx_word' id='word_1_300' title='bbox 364 3221 485 3279; x_wconf 83' lang='lat' dir='ltr'>fortunae</span> <span class='ocrx_word' id='word_1_301' title='bbox 500 3221 610 3277; x_wconf 91' lang='lat' dir='ltr'>cultum</span> <span class='ocrx_word' id='word_1_302' title='bbox 631 3220 804 3277; x_wconf 86' lang='lat' dir='ltr'>excitantur.</span> <span class='ocrx_word' id='word_1_303' title='bbox 845 3217 952 3275; x_wconf 89' lang='lat' dir='ltr'>Evenit</span> <span class='ocrx_word' id='word_1_304' title='bbox 966 3217 1061 3284; x_wconf 77' lang='lat' dir='ltr'>sacild,</span> <span class='ocrx_word' id='word_1_305' title='bbox 1073 3236 1099 3274; x_wconf 81' lang='lat' dir='ltr'>as</span> 
     </span>
     <span class='ocr_line' id='line_1_37' title="bbox 82 3297 1122 3378; baseline -0.008 -19"><span class='ocrx_word' id='word_1_306' title='bbox 82 3301 158 3378; x_wconf 91' lang='lat' dir='ltr'>quod</span> <span class='ocrx_word' id='word_1_307' title='bbox 173 3299 238 3356; x_wconf 90' lang='lat' dir='ltr'>Diis</span> <span class='ocrx_word' id='word_1_308' title='bbox 261 3299 342 3356; x_wconf 88' lang='lat' dir='ltr'>cordi</span> <span class='ocrx_word' id='word_1_309' title='bbox 364 3309 449 3357; x_wconf 88' lang='lat' dir='ltr'>esset.</span> <span class='ocrx_word' id='word_1_310' title='bbox 491 3299 612 3356; x_wconf 88' lang='lat' dir='ltr'>Juvenis</span> <span class='ocrx_word' id='word_1_311' title='bbox 634 3299 724 3356; x_wconf 87' lang='lat' dir='ltr'>evasit</span> <span class='ocrx_word' id='word_1_312' title='bbox 747 3297 813 3354; x_wconf 70' lang='lat' dir='ltr'>vere</span> <span class='ocrx_word' id='word_1_313' title='bbox 834 3297 940 3354; x_wconf 91' lang='lat' dir='ltr'>indolis</span> <span class='ocrx_word' id='word_1_314' title='bbox 953 3297 1061 3372; x_wconf 87' lang='lat' dir='ltr'>regiae:</span> <span class='ocrx_word' id='word_1_315' title='bbox 1119 3354 1122 3361; x_wconf 70' lang='grc'><strong><em>,</em></strong></span> 
     </span>
     <span class='ocr_line' id='line_1_38' title="bbox 83 3377 1063 3454; baseline -0.007 -15"><span class='ocrx_word' id='word_1_316' title='bbox 83 3399 149 3449; x_wconf 91' lang='lat' dir='ltr'>nec,</span> <span class='ocrx_word' id='word_1_317' title='bbox 164 3398 254 3454; x_wconf 90' lang='lat' dir='ltr'>quum</span> <span class='ocrx_word' id='word_1_318' title='bbox 268 3389 442 3454; x_wconf 72' lang='lat' dir='ltr'>quaereretur</span> <span class='ocrx_word' id='word_1_319' title='bbox 457 3397 547 3453; x_wconf 84' lang='lat' dir='ltr'>gener</span> <span class='ocrx_word' id='word_1_320' title='bbox 568 3378 740 3452; x_wconf 81' lang='lat' dir='ltr'>Tarquinia,</span> <span class='ocrx_word' id='word_1_321' title='bbox 754 3378 905 3452; x_wconf 85' lang='lat' dir='ltr'>quisquam</span> <span class='ocrx_word' id='word_1_322' title='bbox 919 3377 1063 3433; x_wconf 73' lang='lat' dir='ltr'>Romanu</span> 
     </span>
     <span class='ocr_line' id='line_1_39' title="bbox 83 3449 1094 3540; baseline -0.007 -22"><span class='ocrx_word' id='word_1_323' title='bbox 83 3459 244 3540; x_wconf 88' lang='lat' dir='ltr'>juventutis</span> <span class='ocrx_word' id='word_1_324' title='bbox 258 3459 315 3516; x_wconf 71' lang='lat' dir='ltr'>ulla</span> <span class='ocrx_word' id='word_1_325' title='bbox 340 3449 400 3514; x_wconf 73' lang='lat' dir='ltr'>arte</span> <span class='ocrx_word' id='word_1_326' title='bbox 424 3457 550 3514; x_wconf 86' lang='lat' dir='ltr'>conferri</span> <span class='ocrx_word' id='word_1_327' title='bbox 572 3458 684 3532; x_wconf 88' lang='lat' dir='ltr'>potuit:</span> <span class='ocrx_word' id='word_1_328' title='bbox 706 3458 851 3532; x_wconf 87' lang='lat' dir='ltr'>filiamque</span> <span class='ocrx_word' id='word_1_329' title='bbox 875 3457 903 3513; x_wconf 89' lang='lat' dir='ltr'>ei</span> <span class='ocrx_word' id='word_1_330' title='bbox 917 3474 998 3513; x_wconf 82' lang='lat' dir='ltr'>suam</span> <span class='ocrx_word' id='word_1_331' title='bbox 1012 3473 1064 3512; x_wconf 87' lang='lat' dir='ltr'>rex</span> <span class='ocrx_word' id='word_1_332' title='bbox 1092 3515 1094 3522; x_wconf 23' lang='lat'><strong>¹</strong></span> 
     </span>
     <span class='ocr_line' id='line_1_40' title="bbox 83 3535 1064 3616; baseline -0.009 -17"><span class='ocrx_word' id='word_1_333' title='bbox 83 3539 245 3616; x_wconf 87' lang='lat' dir='ltr'>despondit.</span> <span class='ocrx_word' id='word_1_334' title='bbox 300 3536 370 3604; x_wconf 92' lang='lat' dir='ltr'>Hic,</span> <span class='ocrx_word' id='word_1_335' title='bbox 392 3538 574 3610; x_wconf 73' lang='lat' dir='ltr'>qudcumque</span> <span class='ocrx_word' id='word_1_336' title='bbox 596 3537 633 3592; x_wconf 90' lang='lat' dir='ltr'>de</span> <span class='ocrx_word' id='word_1_337' title='bbox 660 3537 760 3609; x_wconf 78' lang='lat' dir='ltr'>causti,</span> <span class='ocrx_word' id='word_1_338' title='bbox 782 3546 880 3593; x_wconf 87' lang='lat' dir='ltr'>tantus</span> <span class='ocrx_word' id='word_1_339' title='bbox 903 3535 945 3592; x_wconf 92' lang='lat' dir='ltr'>illi</span> <span class='ocrx_word' id='word_1_340' title='bbox 972 3535 1064 3592; x_wconf 90' lang='lat' dir='ltr'>honos</span> 
     </span>
     <span class='ocr_line' id='line_1_41' title="bbox 85 3614 1160 3690; baseline -0.011 -12"><span class='ocrx_word' id='word_1_341' title='bbox 85 3620 211 3690; x_wconf 87' lang='lat' dir='ltr'>habitus,</span> <span class='ocrx_word' id='word_1_342' title='bbox 238 3616 358 3674; x_wconf 85' lang='lat' dir='ltr'>credere</span> <span class='ocrx_word' id='word_1_343' title='bbox 384 3614 526 3689; x_wconf 87' lang='lat' dir='ltr'>prohibet,</span> <span class='ocrx_word' id='word_1_344' title='bbox 552 3616 634 3672; x_wconf 67' lang='lat' dir='ltr'>serva</span> <span class='ocrx_word' id='word_1_345' title='bbox 660 3625 760 3671; x_wconf 89' lang='lat' dir='ltr'>natum</span> <span class='ocrx_word' id='word_1_346' title='bbox 782 3633 859 3682; x_wconf 87' lang='lat' dir='ltr'>eum,</span> <span class='ocrx_word' id='word_1_347' title='bbox 886 3627 1062 3690; x_wconf 89' lang='lat' dir='ltr'>parvumque</span> <span class='ocrx_word' id='word_1_348' title='bbox 1073 3629 1099 3666; x_wconf 80' lang='lat' dir='ltr'>ro</span> <span class='ocrx_word' id='word_1_349' title='bbox 1154 3652 1160 3659; x_wconf 87' lang='lat'>.</span> 
     </span>
     <span class='ocr_line' id='line_1_42' title="bbox 84 3690 1064 3774; baseline -0.014 -17"><span class='ocrx_word' id='word_1_350' title='bbox 84 3692 179 3774; x_wconf 88' lang='lat' dir='ltr'>ipsum</span> <span class='ocrx_word' id='word_1_351' title='bbox 193 3695 324 3754; x_wconf 85' lang='lat' dir='ltr'>servisse.</span> <span class='ocrx_word' id='word_1_352' title='bbox 365 3693 474 3749; x_wconf 88' lang='lat' dir='ltr'>Eorum</span> <span class='ocrx_word' id='word_1_353' title='bbox 489 3692 583 3765; x_wconf 81' lang='lat' dir='ltr'>magis</span> <span class='ocrx_word' id='word_1_354' title='bbox 595 3692 745 3749; x_wconf 69' lang='lat' dir='ltr'>sententia</span> <span class='ocrx_word' id='word_1_355' title='bbox 759 3711 834 3764; x_wconf 89' lang='lat' dir='ltr'>sum,</span> <span class='ocrx_word' id='word_1_356' title='bbox 848 3693 906 3766; x_wconf 91' lang='lat' dir='ltr'>qui,</span> <span class='ocrx_word' id='word_1_357' title='bbox 922 3690 1064 3747; x_wconf 83' lang='lat' dir='ltr'>Cornicu-</span> 
     </span>
     <span class='ocr_line' id='line_1_43' title="bbox 83 3768 1062 3852; baseline -0.009 -22"><span class='ocrx_word' id='word_1_358' title='bbox 83 3779 112 3838; x_wconf 83' lang='lat' dir='ltr'>lo</span> <span class='ocrx_word' id='word_1_359' title='bbox 126 3787 220 3852; x_wconf 86' lang='lat' dir='ltr'>capto,</span> <span class='ocrx_word' id='word_1_360' title='bbox 233 3771 327 3834; x_wconf 67' lang='lat' dir='ltr'>Servii</span> <span class='ocrx_word' id='word_1_361' title='bbox 341 3769 444 3842; x_wconf 88' lang='lat' dir='ltr'>Tullii,</span> <span class='ocrx_word' id='word_1_362' title='bbox 458 3768 508 3846; x_wconf 92' lang='lat' dir='ltr'>qui</span> <span class='ocrx_word' id='word_1_363' title='bbox 521 3769 656 3843; x_wconf 86' lang='lat' dir='ltr'>princeps</span> <span class='ocrx_word' id='word_1_364' title='bbox 677 3769 709 3825; x_wconf 91' lang='lat' dir='ltr'>in</span> <span class='ocrx_word' id='word_1_365' title='bbox 733 3770 781 3828; x_wconf 79' lang='lat' dir='ltr'>illa</span> <span class='ocrx_word' id='word_1_366' title='bbox 795 3771 866 3829; x_wconf 86' lang='lat' dir='ltr'>urbo</span> <span class='ocrx_word' id='word_1_367' title='bbox 881 3769 983 3838; x_wconf 79' lang='lat' dir='ltr'>fuerat,</span> <span class='ocrx_word' id='word_1_368' title='bbox 997 3784 1062 3841; x_wconf 89' lang='lat' dir='ltr'>gra-</span> 
     </span>
    </p>
   </div>
   <div class='ocr_carea' id='block_1_5' title="bbox 0 0 1282 4314">
    <p class='ocr_par' dir='ltr' id='par_1_6' title="bbox 0 0 1282 4314">
     <span class='ocr_line' id='line_1_44' title="bbox 0 0 1282 4314; baseline 0 1"><span class='ocrx_word' id='word_1_369' title='bbox 0 0 1282 4314; x_wconf 95' lang='lat' dir='ltr'> </span> 
     </span>
    </p>
   </div>
  </div>
 </body>
</html>
