2520 4310
413 323 544 436 bruun
559 365 647 422 ml.
663 343 788 416 cursu.
852 383 871 442 ¹.
908 381 913 389 ·
1047 363 1108 424 203

39 527 41 532 ·
137 520 156 550 ‘⁸
168 510 286 570 istimari
299 519 401 586 potest.
444 511 476 568 Si
498 509 770 580 videatis-cotenus,
791 506 962 583 squalorem,
976 505 1109 566 deformi-

104 637 107 642 .
136 595 157 653 ,“
167 601 256 648 tatem
277 587 384 648 ciiium
408 599 575 661 vestrorum,
597 607 656 645 non
678 587 774 644 minias
787 585 916 664 prosectd
929 605 979 644 ros
999 605 1034 644 ea
1047 605 1110 662 spe-

68 699 70 702 ·
137 678 157 706 ‘⁶
169 669 231 726 cies
244 683 365 739 moveat,
379 667 465 742 quim
488 667 513 757 gi
528 683 564 724 ex
587 666 674 724 alteri
688 677 768 742 parte
782 669 908 724 cernatis
920 676 1022 723 stratas
1035 665 1111 723 Can·

139 752 156 779 ‘¹
167 748 307 804 nensibus
320 746 430 821 campis
443 747 572 821 legiones
593 756 709 802 vestras.
750 745 862 803 Intueri
876 745 994 821 potestis
1007 744 1111 803 sollici·

116 829 158 869 ⁵“
169 826 301 883 tudinem
314 835 351 882 et:
367 825 509 900 lacrymas
523 825 553 884 in
569 824 711 881 vestibulo
724 825 812 881 cirriae
827 825 963 881 stantium
977 834 1113 900 cognato-

136 913 234 961 “rum
258 916 428 975 nestrorum,
452 904 739 980 exspectantiumque
773 903 940 978 responsum
976 914 1111 961 vestrum.

139 982 270 1044 “Quum
285 984 305 1040 ii
326 1003 377 1058 pro
397 983 489 1054 nobis,
503 1003 609 1058 proque
631 983 666 1039 iis
686 983 734 1056 qui
749 982 863 1049 absunt,
879 983 918 1040 itu
931 983 1062 1058 suspensi
1077 1001 1113 1041 ac

138 1061 282 1120 “solliciti
306 1063 382 1130 sint3
403 1081 488 1136 quem
513 1061 639 1119 censetis
662 1062 791 1119 animum
817 1062 942 1136 ipsorum
956 1080 1030 1135 esse,
1044 1079 1113 1136 quo-
1143 1123 1151 1138 ,
1241 1069 1242 1076 ’

70 1165 72 1170 ’
137 1148 232 1197 “rum
256 1142 286 1198 in
312 1141 478 1197 discrimine
502 1141 560 1197 vita
584 1141 756 1216 libertasque
777 1142 844 1198 esti
894 1141 926 1197 Si
949 1139 1010 1217 (me
1038 1140 1112 1198 Dius

106 1219 267 1300 ¹⁰“'fidius)
284 1219 343 1295 ipse
367 1220 397 1276 in
423 1229 478 1277 nos'
495 1220 572 1277 'mitis
598 1220 745 1277 Hannibal
768 1230 868 1278 contra
883 1231 1014 1277 naturam
1029 1237 1111 1277 suam

118 1307 231 1362 ,“esse
253 1300 331 1371 vetit,
352 1299 424 1374 nihil
445 1310 542 1374 tamen
564 1300 648 1357 nobis
668 1300 725 1356 vita
746 1319 818 1375 opus
842 1318 905 1356 esse
929 1307 1111 1368 censeamus,

138 1371 256 1452 “quum
272 1378 439 1453 indigni,·ut
452 1397 470 1434 a
482 1378 562 1435 vobis
574 1380 789 1446 redimeremur,
805 1379 856 1436 risi
871 1399 978 1435 sumus.
1021 1378 1113 1438 Redi-

57 1522 59 1526 ·
139 1458 157 1486 “
170 1457 217 1512 irre
233 1457 358 1513 Romam
380 1457 524 1530 quondam
544 1458 655 1513 remissi
676 1477 693 1513 e
707 1458 816 1532 Pyrrho
829 1459 892 1515 sine
908 1457 1005 1533 pretio
1018 1457 1112 1533 capti:

139 1543 159 1570 “
170 1536 221 1591 sed
236 1536 346 1592 redii-re
358 1554 424 1591 cum
434 1535 545 1612 legatis,
554 1536 725 1610 prirnoribus
736 1537 868 1608 civitatiS,
883 1538 918 1593 ad
929 1537 1115 1595 redimendos

106 1619 234 1672 1⁵“sese
260 1615 362 1672 missis.
405 1614 538 1671 Redeam
562 1633 617 1689 ego
639 1614 668 1670 in
692 1614 822 1688 patriam,
837 1617 973 1671 tre‘oentis
986 1616 1113 1673 nummis
1135 1617 1165 1676 u

140 1697 229 1751 “non
256 1694 411 1750 aestimatus
431 1693 524 1749 civis?
566 1695 657 1749 Suum
673 1693 792 1767 quisque
807 1693 893 1748 habet
908 1694 1046 1764 animum,
1062 1694 1115 1750 Pa·
1183 1721 1186 1726 ¹

140 1775 229 1829 “tres
253 1772 418 1847 conscripti.
461 1772 529 1828 Scio
542 1764 761 1828 indiscrimine
775 1790 838 1828 esse
853 1771 1114 1850 vitam=corpusque

141 1859 277 1908 “meum.
320 1851 417 1928 Magis
443 1870 490 1907 me
514 1851 597 1907 samue
624 1851 783 1926 periculum
809 1862 912 1922 movet,
934 1870 971 1907 ne
996 1870 1013 1907 a
1036 1851 1116 1909 vobis

141 1931 302 1988 “damnati
325 1949 359 1987 ac
381 1930 486 2005 repulsi
513 1931 669 1988 abeamus:
691 1949 784 2006 neque
809 1929 888 1986 enim
902 1949 951 1987 vos
964 1930 1055 2006 pretio
1067 1949 1116 2007 pe-

106 2013 131 2052 ⁹³
143 2013 161 2041 ‘¹
170 2011 297 2084 percisse
312 2009 444 2067 homines
457 2010 608 2066 credent.''

179 2170 248 2228 LX.
271 2170 326 2228 Ubi
340 2171 365 2228 is
379 2170 465 2228 finem
481 2171 559 2244 fecit,
580 2171 724 2247 extemplo
736 2172 772 2228 ab
786 2173 818 2228 ei
834 2170 926 2244 turbt,
947 2189 1010 2246 quae
1024 2169 1054 2227 in
1070 2187 1117 2228 co·

80 2319 82 2322 Ι
140 2250 221 2327 mitio
238 2261 309 2317 erat,
331 2251 438 2308 clamor
462 2251 570 2308 flebilis·
589 2252 794 2318 estsubiatus3
816 2269 975 2325 manusque
990 2251 1025 2306 ad
1041 2249 1118 2306 curi-

141 2347 188 2385 am
201 2331 371 2401 tendebant,
385 2341 510 2402 orantes,
525 2342 555 2387 ut
570 2331 624 2387 sibi
645 2331 760 2396 liberos,
772 2331 886 2401 iratres,
901 2341 1040 2405 cognatos
1053 2329 1117 2386 red-

142 2407 254 2463 derent.
296 2405 443 2463 Foeminas
456 2428 567 2482 quoque
577 2421 670 2464 metus
685 2427 719 2464 ac
735 2408 893 2464 necessitas
908 2409 937 2465 in
952 2409 1012 2466 soro
1025 2409 1116 2465 turbae

106 2483 132 2524 25
143 2485 212 2542 huic
230 2485 354 2541 virorum
368 2485 571 2542 immiscuerat.
613 2487 744 2548 Senatus,
760 2487 898 2543 submotis
912 2487 1034 2552 arbitris,
1050 2505 1119 2542 con·

142 2565 198 2621 suli
213 2575 335 2639 coeptus.
357 2563 404 2619 lbi
417 2583 505 2638 quum
520 2564 669 2621 sententiis
690 2564 856 2630 variaretur,
871 2565 961 2620 etalii
976 2565 1118 2620 redimen-

143 2643 195 2700 dos
221 2644 258 2700 de
281 2634 416 2718 publico,
432 2643 480 2699 alii
502 2642 610 2702 nullam
631 2641 745 2716 publicd
770 2641 929 2716 impensam
943 2641 1117 2714 faciendam,

143 2740 200 2780 nec
214 2722 409 2798 prohibendos
433 2740 469 2778 ex
492 2721 601 2795 privato
625 2720 744 2788 redimi3
766 2720 790 2776 si
804 2720 908 2794 quibus
922 2731 1073 2796 argentum
1087 2720 1118 2778 iu

144 2801 299 2876 praesentiri
323 2802 445 2867 deesset,
463 2801 588 2856 dandam
619 2819 655 2856 ex
680 2799 779 2856 aerario
801 2799 955 2875 pecuniam
979 2810 1117 2873 mutuam,

110 2880 135 2920 ³⁰
145 2882 346 2956 praedibusque
371 2899 406 2936 ac
419 2880 534 2964 Μὴ
557 2880 718 2936 cavendum
733 2879 846 2954 populo,
861 2889 1034 2948 censerent3
1056 2891 1118 2938 tum

146 2959 184 3016 T.
200 2960 329 3016 Manlius
352 2958 527 3034 Torquatus
549 2960 650 3033 priscae
675 2977 710 3015 ac
723 2958 810 3014 nimis
828 2958 917 3030 durae,
933 2969 963 3016 ut
976 2959 1119 3034 plerisque

145 3038 305 3103 videbatur,
331 3037 498 3110 severitatis,
525 3038 715 3113 interrogatus
740 3037 921 3109 sententiam,
944 3037 983 3094 ita
1006 3038 1120 3097 locutus

146 3115 255 3173 fertur:
278 3116 341 3172 “Si
364 3117 562 3175 tantummodo
582 3117 774 3192 postultssent
795 3116 881 3192 legati
902 3136 952 3192 pro
966 3117 1011 3190 iis,
1025 3119 1074 3193 qui
1088 3118 1119 3176 in

147 3199 166 3226 “
179 3195 304 3252 hostium
318 3205 458 3269 potestate
472 3206 549 3262 sunt,
571 3206 602 3252 ut
615 3195 834 3267 redimerentur,
849 3195 912 3252 sine
927 3195 1012 3252 ullius
1026 3197 1120 3254 insecr

113 3273 168 3313 Μ
179 3274 287 3330 tatione
308 3293 418 3340 eorum,
433 3274 511 3330 brevi
532 3273 704 3330 sententiam
720 3274 904 3350 peregissem.
945 3271 1120 3335 Quidenim

149 3355 167 3382 “
180 3341 358 3422 iiiuTqutm
372 3352 545 3408 admonendi
559 3351 669 3418 essetis,
690 3364 841 3410 utmorem
856 3353 991 3410 traditum
1005 3371 1022 3408 a
1035 3352 1121 3426 patri·
1151 3385 1154 3390 Δ

148 3432 168 3461 “
180 3429 246 3500 bus,
265 3429 427 3486 necessario
450 3429 487 3485 ad
510 3449 572 3485 rem
595 3431 747 3500 militarem
780 3432 921 3506 exemplo,
948 3429 1121 3486 servaretis?

149 3511 169 3538 ‘⁴
181 3507 271 3563 Nunc
295 3516 390 3562 autem
413 3525 500 3580 quum
515 3507 603 3584 prope
627 3509 739 3584 gloriati
763 3509 829 3576 sint,
854 3509 929 3584 quod
946 3526 977 3564 se
991 3506 1121 3562 hostibus

150 3588 170 3617 “
179 3583 352 3655 dediderint,
366 3584 548 3660 praeserrique
572 3605 629 3644 non
651 3589 742 3663 ceptis
756 3586 840 3645 modd
861 3587 891 3643 in
906 3585 970 3641 acie
984 3583 1020 3638 ab
1034 3582 1122 3640 hosti·

114 3662 244 3730 ⁴⁰“'bus‚
259 3663 310 3719 sed
333 3661 419 3719 etiam
441 3662 482 3720 iis
501 3664 548 3739 qui
573 3665 730 3725 Venusiam
753 3663 970 3737 Canusiumque
984 3677 1122 3734 pervene-

151 3747 169 3774 “
180 3750 257 3815 runt,
271 3750 355 3816 atque
379 3740 434 3816 ipsi
455 3741 489 3800 O.
514 3735 654 3816 Tercbtio
674 3744 795 3813 consuli,
810 3759 923 3816 aequum
937 3739 1121 3811 censuerint3

151 3815 250 3879 “urbii
274 3839 325 3880 vos
347 3837 457 3895 eorum,
480 3820 580 3879 Patres
600 3820 766 3895 conscripti,
778 3837 852 3894 que
875 3817 935 3876 illic
956 3827 1022 3888 acta
1041 3828 1121 3888 suut,

1030 4095 1039 4124 Ι
