2556 4314
5 331 7 354 ·
93 307 151 369 138
197 283 199 288 ’
493 307 564 359 τιτι
580 308 668 360 mvn

91 450 190 510 addita
214 449 273 510 alia
299 449 494 511 commotioris
521 453 558 510 ad
584 451 684 512 omnia
709 451 852 510 turbanda
878 451 992 511 consilii
1015 472 1070 513 res.

5 557 6 560 ¹
87 530 231 590 Fundam
258 532 289 588 in
316 531 447 608 Vejentl,
472 541 560 607 capnt
586 532 750 608 patrimonii
777 531 900 608 subjecit
923 535 1070 608 praeconi:

93 620 112 648 ‘⁶
124 611 174 669 Ne
187 629 274 687 quern
288 611 443 685 vestrum,”
458 611 560 686 inquit,
576 621 595 648 ‘⁴
604 609 747 680 Quirites,
762 611 856 668 donec
869 611 1026 686 quidquam
1040 612 1071 670 in

94 699 113 728 ⁸‘
125 709 156 750 rc
170 691 236 750 mea
250 690 399 766 supererit,
412 690 575 766 judicatum
589 691 773 748 addictumve
788 689 857 748 duci
871 691 994 766 patiar.''
1036 691 1072 750 Id

92 769 160 829 verb
175 769 215 828 ita
229 769 365 829 accendit
386 771 508 838 animos,
523 781 555 828 ut
568 789 720 846 peremne
734 769 777 828 las
791 789 826 828 ac
847 769 930 828 nefas
943 771 1071 830 secuturi
1094 789 1109 829 ³

92 849 238 908 vindicem
261 847 402 908 libertatis
426 849 600 908 viderentur.
642 850 691 906 Ad
711 850 775 920 hoc,
790 849 879 918 domi,
894 849 1073 908 concionan-

91 929 128 988 tis
138 930 167 987 in
179 930 308 1003 modum,
319 948 467 987 sermones
474 929 553 1005 pleni
563 929 718 987 criminum
727 929 758 986 in
770 925 886 1000 Patres;
902 929 977 987 inter
990 947 1071 1004 quos,

92 1028 190 1086 quum,
214 1009 322 1067 omisso
347 1008 524 1081 discrimine,
549 1027 616 1066 vera
637 1028 674 1066 an
697 1026 772 1065 vana
789 1009 910 1085 jaceret,
926 1009 1073 1066 “thesau-

92 1093 111 1121 “
124 1108 172 1148 ros
182 1088 288 1147 Gallici
298 1088 359 1145 auri
368 1088 509 1146 occultari
524 1108 542 1145 a
554 1086 689 1146 Patribus
700 1089 720 1115 ''
731 1087 822 1164 jecit:
838 1097 857 1124 ‘⁴
869 1105 926 1145 uec
936 1087 997 1164 jam
1006 1106 1072 1164 pos-

93 1177 113 1206 “
124 1168 254 1226 sideudis
264 1167 388 1244 publicis
397 1168 473 1246 agris
482 1177 634 1230 contentos
645 1187 719 1240 esse,
726 1167 783 1225 nisi
793 1167 949 1244 pecuniam
956 1185 1071 1243 quoque
1083 1185 1109 1226 ιο

93 1251 112 1310 ‘.‘
121 1248 269 1324 publicam
281 1257 432 1328 avertant:
447 1267 483 1305 ea
496 1266 543 1304 res
554 1247 578 1304 si
587 1246 682 1322 paldm
695 1246 755 1321 fiat,
764 1247 873 1305 exsolvi
886 1247 1002 1323 plebcrn
1016 1265 1072 1305 aers

89 1323 113 1365 '⁸‘
121 1321 341 1404 dienoposse'i's
346 1319 426 1389 Qun
436 1327 486 1388 ubi
497 1327 611 1403 objecta
619 1345 685 1402 spes
695 1337 750 1394 est,
758 1326 907 1386 enimvero
917 1326 1072 1402 indignum

92 1406 206 1466 lacinus
221 1407 321 1479 videri,
333 1425 423 1482 quum
437 1405 646 1465 conferendum
660 1406 697 1463 ad
710 1406 911 1464 redimendam
925 1406 1072 1464 civitatem

91 1504 110 1544 a
123 1487 215 1546 Gallis
229 1506 332 1545 aurum
354 1486 449 1560 fuerit,
463 1486 571 1546 tributo
584 1485 767 1543 collationem
782 1485 890 1543 factam
902 1505 910 1556 3
932 1485 1009 1543 idern
1024 1503 1074 1544 au·

92 1586 168 1636 rum,
190 1586 227 1626 ex
251 1567 381 1624 hostibus
402 1575 528 1642 captum,
552 1565 583 1622 iu
607 1583 765 1641 paucorum
789 1565 917 1641 praedam
941 1565 1071 1623 cessisse.
1084 1583 1109 1623 rs

91 1645 193 1722 Itaque
206 1646 437 1722 exsequebantur
450 1645 617 1722 querendo,
635 1645 685 1702 ubi
699 1655 786 1702 tante
797 1645 840 1702 rei
854 1645 962 1702 furtum
975 1645 1073 1703 occul·
1103 1681 1112 1691 -

90 1737 220 1797 taretur;
242 1726 460 1801 differenteque,
485 1735 515 1782 et
538 1735 674 1800 ternpore·
688 1743 740 1782 suo
762 1743 793 1782 se
820 1723 1017 1782 indicaturum
1030 1723 1073 1781 di·

51 1819 53 1829 '
92 1816 189 1875 cente,
204 1806 317 1864 caeteris
329 1804 452 1876 omissis,
467 1803 502 1860 ed
516 1823 605 1860 verse
618 1813 701 1860 erant
721 1803 851 1860 omnium
866 1823 963 1872 curae3
986 1821 1071 1878 appa·

92 1886 238 1961 rebatque‚
260 1904 318 1944 nec
331 1884 391 1944 veri
405 1883 507 1944 indicii
524 1883 645 1961 gratiam
659 1883 797 1956 mediam,
811 1901 867 1963 nep
881 1882 943 1940 falsi
957 1881 1071 1941 offensi·

93 1984 179 2026 onem
195 1965 263 2024 fore.
1082 1983 1110 2025 no

133 2125 202 2185 XV.
223 2123 270 2182 Ita
283 2125 430 2202 depensis
443 2126 539 2196 rebus,
554 2126 686 2196 dictator,
701 2125 814 2185 accitus
834 2125 871 2184 ab
885 2124 1025 2192 exercitu,
1041 2122 1071 2181 in

94 2203 203 2264 Urbem
218 2204 304 2262 venit.
347 2205 464 2264 Postero
484 2207 532 2264 die
554 2218 657 2266 senatu
682 2207 789 2274 habito,
803 2224 902 2282 quum,
917 2204 986 2262 satis
998 2202 1073 2279 peri·

94 2284 211 2344 clitatus
224 2285 385 2343 voluntates
406 2286 567 2360 hominurn,
590 2287 742 2345 discedere
756 2293 888 2343 senatum
900 2284 937 2340 ab
950 2303 981 2341 se
995 2292 1075 2340 vetu-

94 2365 174 2439 isset,
188 2364 309 2441 stipatus
333 2367 368 2423 ed
389 2365 585 2439 multitudine,
600 2366 670 2423 selle
694 2366 724 2422 in
739 2364 858 2424 comitio
871 2363 972 2441 posita,
986 2362 1075 2420 viato-

34 2501 37 2508 .
95 2445 215 2503 remed
240 2444 281 2502 M.
302 2443 447 2502 Manlium
472 2445 569 2516 misit;
600 2446 660 2520 qui,
682 2446 831 2504 dictatoris
842 2443 925 2521 jussu
947 2451 1111 2514 venatuque

95 2544 184 2601 quum
198 2525 314 2602 signum
328 2525 388 2583 suis
402 2525 539 2594 dedisset,
554 2526 656 2583 adesse
670 2535 828 2595 certamen,
843 2523 959 2600 agmine
973 2521 1089 2597 ingen·'

95 2605 118 2663 ti
133 2606 169 2664 ad
182 2605 308 2665 tribunal
331 2605 419 2664 venit.
460 2605 541 2662 Hinc
562 2614 690 2679 senatus,
704 2604 774 2661 hinc
787 2603 879 2678 plebs,
901 2620 987 2663 suum
1000 2600 1076 2677 quis-

96 2704 153 2762 que
167 2686 314 2745 intuentes
335 2686 450 2757 ducem,
465 2685 543 2743 velut
559 2684 590 2742 in
604 2685 668 2742 acie
682 2683 879 2742 constiterant
920 2681 1000 2739 Turn
1015 2679 1077 2737 dic·

97 2776 180 2839 tator,
203 2765 317 2824 silentio
341 2765 426 2834 sacto,
450 2773 469 2801 “
481 2763 630 2833 Utinam,''
645 2763 748 2839 inquit,
763 2761 866 2820 “mihi
885 2760 1075 2834 Patribusque

98 2845 272 2902 “Romanis
284 2844 325 2901 ita
338 2843 374 2900 de
388 2843 500 2902 caeteris
514 2845 601 2902 rebus
614 2863 682 2902 cum
696 2842 780 2920 plebe
793 2840 957 2908 conveniat,
978 2856 1112 2915 quem-so

99 2928 119 2956 “
130 2924 296 2994 admodum,
317 2923 394 2997 quod
416 2924 452 2980 ad
476 2933 505 2980 te
527 2924 639 2992 attinet,
660 2941 783 2998 eamque
798 2941 875 2989 rem,
896 2937 981 2996 quam
996 2918 1032 2975 de
1047 2927 1076 2974 tc

100 3013 119 3040 “
130 3023 193 3061 sum
207 3002 387 3079 quaesiturus,
398 3013 607 3062 conventurum
621 3003 691 3061 satis
705 3001 828 3061 confido.
871 3001 958 3076 Spem
970 2997 1077 3055 factam

101 3087 150 3141 “a
175 3093 204 3140 te
225 3081 335 3140 civitati
358 3081 452 3151 vide0‚
475 3082 531 3141 fide
555 3083 706 3156 incolumi,
729 3101 767 3140 ex
790 3079 933 3138 thesauris
946 3075 1077 3151 Gallicis,

102 3171 205 3240 “quos
227 3162 367 3239 primores
389 3161 507 3220 Patrum
531 3163 688 3236 occultent,
713 3161 856 3220 creditum
888 3158 958 3218 solvi
984 3174 1099 3234 posse..

102 3246 121 3275 “
133 3242 191 3301 Cui
204 3261 259 3319 ego
283 3241 325 3299 rei
339 3241 449 3300 tannim
464 3244 546 3303 abest
564 3254 596 3300 ut
609 3237 817 3318 impedimento
831 3240 896 3312 sim,
910 3247 952 3311 ut,
967 3235 1077 3308 contra,
1087 3257 1113 3300 ss

102 3331 122 3360 “
133 3333 173 3401 te,
188 3322 230 3381 M.
245 3322 348 3397 Manli,
362 3324 505 3392 adhorter‚
520 3323 626 3381 liberes
639 3323 748 3380 loenore
761 3320 877 3397 plebem
891 3318 1058 3375 Romanam
1070 3335 1079 3385 3

102 3406 122 3436 “
133 3413 163 3463 et
185 3404 265 3474 istos,
287 3403 459 3461 incubantes
473 3403 597 3478 publicis
619 3401 772 3473 thesauris,
786 3417 823 3458 ex
836 3398 935 3476 praedd
949 3395 1081 3455 clandes-

103 3488 122 3552 ’ξ
133 3485 197 3544 tint
219 3484 340 3544 evolvas.
381 3481 472 3546 Quod
495 3482 552 3539 nisi
576 3481 658 3555 facie,
672 3479 822 3557 sivequdd
836 3479 940 3556 etipse
955 3476 985 3534 iu
1000 3484 1080 3552 parte
1101 3489 1106 3502 ’

104 3567 236 3644 “praedae
260 3565 308 3636 sis,
333 3562 393 3621 sive
416 3561 485 3636 quia
505 3560 776 3618 vanumiudicium
800 3569 854 3628 est,
876 3559 907 3618 in
922 3555 1081 3615 vinculato

104 3650 123 3683 '⁴
134 3646 204 3704 duci
222 3644 348 3723 jubebo3
369 3661 425 3700 nec
449 3639 558 3697 diutius
570 3640 661 3716 patiar
675 3660 693 3698 a
705 3651 734 3699 te
748 3638 964 3699 multitudinem
986 3633 1117 3696 sedecim

53 3761 56 3768 =
103 3733 185 3801 “spe
198 3721 367 3782 concitari.'’
410 3720 458 3776 Ad
473 3739 508 3776 ea
529 3718 667 3792 Manlius
693 3715 1004 3789 “necse·sesellisse,”
1031 3713 1082 3784 ait,
1131 3751 1137 3761 ι

105 3805 194 3863 “non
208 3803 345 3860 adversus
358 3797 480 3858 Volscos
493 3798 578 3856 toties
588 3797 695 3867 hostes,
716 3798 829 3875 quoties
839 3796 975 3856 Patribus
998 3811 1084 3871 expe·
