<?xml version="1.0" encoding="UTF-8"?>
<!DOCTYPE html PUBLIC "-//W3C//DTD XHTML 1.0 Transitional//EN"
    "http://www.w3.org/TR/xhtml1/DTD/xhtml1-transitional.dtd">
<html xmlns="http://www.w3.org/1999/xhtml" xml:lang="en" lang="en">
 <head>
  <title>
</title>
<meta http-equiv="Content-Type" content="text/html;charset=utf-8" />
  <meta name='ocr-system' content='tesseract 3.04.00' />
  <meta name='ocr-capabilities' content='ocr_page ocr_carea ocr_par ocr_line ocrx_word'/>
</head>
<body>
  <div class='ocr_page' id='page_1' title='image "./historiarumetse03livygoog_0042.png"; bbox 0 0 2556 4314; ppageno 0'>
   <div class='ocr_carea' id='block_1_1' title="bbox 475 254 1147 340">
    <p class='ocr_par' dir='ltr' id='par_1_1' title="bbox 475 254 1147 340">
     <span class='ocr_line' id='line_1_1' title="bbox 475 254 1147 340; baseline -0.004 -10"><span class='ocrx_word' id='word_1_1' title='bbox 475 254 597 332; x_wconf 66' lang='lat' dir='ltr'>&#39;tisun</span> <span class='ocrx_word' id='word_1_2' title='bbox 612 281 634 331; x_wconf 95' lang='lat'>1.</span> <span class='ocrx_word' id='word_1_3' title='bbox 651 291 714 332; x_wconf 70' lang='lat' dir='ltr'>cur.</span> <span class='ocrx_word' id='word_1_4' title='bbox 730 292 820 330; x_wconf 86' lang='lat' dir='ltr'>xxxu.</span> <span class='ocrx_word' id='word_1_5' title='bbox 1109 282 1147 340; x_wconf 81' lang='lat'>31</span> 
     </span>
    </p>
   </div>
   <div class='ocr_carea' id='block_1_2' title="bbox 79 412 1146 738">
    <p class='ocr_par' dir='ltr' id='par_1_2' title="bbox 79 412 1146 738">
     <span class='ocr_line' id='line_1_2' title="bbox 168 412 1146 500; baseline 0.002 -21"><span class='ocrx_word' id='word_1_6' title='bbox 168 412 298 499; x_wconf 86' lang='lat' dir='ltr'>peditum</span> <span class='ocrx_word' id='word_1_7' title='bbox 312 421 431 496; x_wconf 88' lang='lat' dir='ltr'>quidem</span> <span class='ocrx_word' id='word_1_8' title='bbox 444 422 558 495; x_wconf 82' lang='lat' dir='ltr'>robore,</span> <span class='ocrx_word' id='word_1_9' title='bbox 571 422 707 481; x_wconf 77' lang='lat' dir='ltr'>ceterdm</span> <span class='ocrx_word' id='word_1_10' title='bbox 726 423 856 499; x_wconf 84' lang='lat' dir='ltr'>equitatu</span> <span class='ocrx_word' id='word_1_11' title='bbox 869 431 955 480; x_wconf 81' lang='lat' dir='ltr'>aucto</span> <span class='ocrx_word' id='word_1_12' title='bbox 967 439 1069 500; x_wconf 85' lang='lat' dir='ltr'><strong>nuper,</strong></span> <span class='ocrx_word' id='word_1_13' title='bbox 1083 422 1146 498; x_wconf 90' lang='lat' dir='ltr'>plu··</span> 
     </span>
     <span class='ocr_line' id='line_1_3' title="bbox 169 499 1145 576; baseline 0.001 -17"><span class='ocrx_word' id='word_1_14' title='bbox 169 499 272 559; x_wconf 79' lang='lat' dir='ltr'>rimdm</span> <span class='ocrx_word' id='word_1_15' title='bbox 287 501 427 558; x_wconf 87' lang='lat' dir='ltr'>Romana</span> <span class='ocrx_word' id='word_1_16' title='bbox 439 501 519 562; x_wconf 88' lang='lat' dir='ltr'>acies</span> <span class='ocrx_word' id='word_1_17' title='bbox 532 501 631 559; x_wconf 84' lang='lat' dir='ltr'>valuit.</span> <span class='ocrx_word' id='word_1_18' title='bbox 671 503 721 558; x_wconf 90' lang='lat' dir='ltr'>Ab</span> <span class='ocrx_word' id='word_1_19' title='bbox 733 502 878 576; x_wconf 89' lang='lat' dir='ltr'>equitibus</span> <span class='ocrx_word' id='word_1_20' title='bbox 890 500 1009 576; x_wconf 71' lang='lat' dir='ltr'>repente</span> <span class='ocrx_word' id='word_1_21' title='bbox 1022 502 1145 560; x_wconf 81' lang='lat' dir='ltr'>invectis</span> 
     </span>
     <span class='ocr_line' id='line_1_4' title="bbox 168 577 1146 658; baseline 0.004 -21"><span class='ocrx_word' id='word_1_22' title='bbox 168 581 276 637; x_wconf 87' lang='lat' dir='ltr'>turbati</span> <span class='ocrx_word' id='word_1_23' title='bbox 299 581 418 640; x_wconf 86' lang='lat' dir='ltr'>ordines</span> <span class='ocrx_word' id='word_1_24' title='bbox 448 591 517 638; x_wconf 88' lang='lat' dir='ltr'>sunt</span> <span class='ocrx_word' id='word_1_25' title='bbox 538 577 731 638; x_wconf 83' lang='lat' dir='ltr'>Sabinorum:</span> <span class='ocrx_word' id='word_1_26' title='bbox 762 599 818 637; x_wconf 89' lang='lat' dir='ltr'>neo</span> <span class='ocrx_word' id='word_1_27' title='bbox 839 599 937 658; x_wconf 85' lang='lat' dir='ltr'>pugna</span> <span class='ocrx_word' id='word_1_28' title='bbox 960 581 1064 639; x_wconf 87' lang='lat' dir='ltr'>deinde</span> <span class='ocrx_word' id='word_1_29' title='bbox 1089 581 1146 642; x_wconf 80' lang='lat' dir='ltr'>illis</span> 
     </span>
     <span class='ocr_line' id='line_1_5' title="bbox 79 659 1033 738; baseline -0.003 -19"><span class='ocrx_word' id='word_1_30' title='bbox 79 733 82 737; x_wconf 19' lang='grc' dir='ltr'>Ι</span> <span class='ocrx_word' id='word_1_31' title='bbox 168 669 316 732; x_wconf 74' lang='lat' dir='ltr'><strong>constare,</strong></span> <span class='ocrx_word' id='word_1_32' title='bbox 329 675 386 718; x_wconf 90' lang='lat' dir='ltr'>nec</span> <span class='ocrx_word' id='word_1_33' title='bbox 400 660 469 736; x_wconf 82' lang='lat' dir='ltr'>iuga</span> <span class='ocrx_word' id='word_1_34' title='bbox 481 659 631 734; x_wconf 87' lang='lat' dir='ltr'>explicari,</span> <span class='ocrx_word' id='word_1_35' title='bbox 643 659 707 716; x_wconf 86' lang='lat' dir='ltr'>sine</span> <span class='ocrx_word' id='word_1_36' title='bbox 721 661 827 736; x_wconf 71' lang='lat' dir='ltr'>magud</span> <span class='ocrx_word' id='word_1_37' title='bbox 840 659 920 717; x_wconf 76' lang='lat' dir='ltr'>carde</span> <span class='ocrx_word' id='word_1_38' title='bbox 933 659 1033 738; x_wconf 82' lang='lat' dir='ltr'>potuit.</span> 
     </span>
    </p>
   </div>
   <div class='ocr_carea' id='block_1_3' title="bbox 70 814 1200 3492">
    <p class='ocr_par' dir='ltr' id='par_1_3' title="bbox 107 814 1200 1206">
     <span class='ocr_line' id='line_1_6' title="bbox 107 814 1147 894; baseline 0.006 -26"><span class='ocrx_word' id='word_1_39' title='bbox 107 837 111 843; x_wconf 59' lang='lat'>¹</span> <span class='ocrx_word' id='word_1_40' title='bbox 145 829 159 868; x_wconf 84' lang='lat'><strong>5</strong></span> <span class='ocrx_word' id='word_1_41' title='bbox 211 815 331 874; x_wconf 84' lang='lat' dir='ltr'>XXXI.</span> <span class='ocrx_word' id='word_1_42' title='bbox 352 815 482 874; x_wconf 86' lang='lat' dir='ltr'>Devictis</span> <span class='ocrx_word' id='word_1_43' title='bbox 506 815 633 888; x_wconf 83' lang='lat' dir='ltr'>Sabinis,</span> <span class='ocrx_word' id='word_1_44' title='bbox 647 831 737 894; x_wconf 89' lang='lat' dir='ltr'>quum</span> <span class='ocrx_word' id='word_1_45' title='bbox 751 816 784 873; x_wconf 88' lang='lat' dir='ltr'>in</span> <span class='ocrx_word' id='word_1_46' title='bbox 797 818 904 892; x_wconf 73' lang='lat' dir='ltr'>magna</span> <span class='ocrx_word' id='word_1_47' title='bbox 917 814 1008 891; x_wconf 68' lang='lat' dir='ltr'>glorie</span> <span class='ocrx_word' id='word_1_48' title='bbox 1021 816 1147 891; x_wconf 85' lang='lat' dir='ltr'>magnis-</span> 
     </span>
     <span class='ocr_line' id='line_1_7' title="bbox 169 894 1148 970; baseline 0 -18"><span class='ocrx_word' id='word_1_49' title='bbox 169 913 227 968; x_wconf 89' lang='lat' dir='ltr'>que</span> <span class='ocrx_word' id='word_1_50' title='bbox 241 896 343 969; x_wconf 87' lang='lat' dir='ltr'>opibus</span> <span class='ocrx_word' id='word_1_51' title='bbox 356 914 477 970; x_wconf 86' lang='lat' dir='ltr'>regnum</span> <span class='ocrx_word' id='word_1_52' title='bbox 492 894 572 952; x_wconf 89' lang='lat' dir='ltr'>Tulli</span> <span class='ocrx_word' id='word_1_53' title='bbox 594 914 629 952; x_wconf 91' lang='lat' dir='ltr'>ac</span> <span class='ocrx_word' id='word_1_54' title='bbox 649 905 708 952; x_wconf 86' lang='lat' dir='ltr'>tota</span> <span class='ocrx_word' id='word_1_55' title='bbox 721 913 772 962; x_wconf 70' lang='lat' dir='ltr'>res,</span> <span class='ocrx_word' id='word_1_56' title='bbox 781 894 919 955; x_wconf 85' lang='lat' dir='ltr'>Romana</span> <span class='ocrx_word' id='word_1_57' title='bbox 932 905 1019 966; x_wconf 83' lang='lat' dir='ltr'>esset,</span> <span class='ocrx_word' id='word_1_58' title='bbox 1033 895 1148 952; x_wconf 89' lang='lat' dir='ltr'>nuntia·</span> 
     </span>
     <span class='ocr_line' id='line_1_8' title="bbox 168 969 1200 1064; baseline 0.001 -35"><span class='ocrx_word' id='word_1_59' title='bbox 168 983 230 1030; x_wconf 88' lang='lat' dir='ltr'>tum</span> <span class='ocrx_word' id='word_1_60' title='bbox 244 974 305 1048; x_wconf 90' lang='lat' dir='ltr'>regi</span> <span class='ocrx_word' id='word_1_61' title='bbox 320 969 515 1047; x_wconf 79' lang='lat' dir='ltr'>Patribusque</span> <span class='ocrx_word' id='word_1_62' title='bbox 523 983 577 1040; x_wconf 90' lang='lat' dir='ltr'>est,</span> <span class='ocrx_word' id='word_1_63' title='bbox 592 974 622 1030; x_wconf 94' lang='lat' dir='ltr'>in</span> <span class='ocrx_word' id='word_1_64' title='bbox 637 983 734 1031; x_wconf 86' lang='lat' dir='ltr'>monte</span> <span class='ocrx_word' id='word_1_65' title='bbox 749 973 865 1030; x_wconf 83' lang='lat' dir='ltr'>Albano</span> <span class='ocrx_word' id='word_1_66' title='bbox 872 972 1018 1064; x_wconf 87' lang='lat' dir='ltr'>lapidibus</span> <span class='ocrx_word' id='word_1_67' title='bbox 1027 973 1145 1048; x_wconf 82' lang='lat' dir='ltr'><strong>pluisse.</strong></span> <span class='ocrx_word' id='word_1_68' title='bbox 1194 1041 1200 1052; x_wconf 40' lang='lat'><strong>·</strong></span> 
     </span>
     <span class='ocr_line' id='line_1_9' title="bbox 168 1049 1146 1127; baseline -0.002 -15"><span class='ocrx_word' id='word_1_69' title='bbox 168 1049 256 1112; x_wconf 81' lang='lat' dir='ltr'>Quod</span> <span class='ocrx_word' id='word_1_70' title='bbox 270 1071 359 1126; x_wconf 86' lang='lat' dir='ltr'>quum</span> <span class='ocrx_word' id='word_1_71' title='bbox 374 1052 453 1112; x_wconf 90' lang='lat' dir='ltr'>credi</span> <span class='ocrx_word' id='word_1_72' title='bbox 477 1053 525 1109; x_wconf 85' lang='lat' dir='ltr'>vix</span> <span class='ocrx_word' id='word_1_73' title='bbox 547 1062 654 1126; x_wconf 85' lang='lat' dir='ltr'>posset,</span> <span class='ocrx_word' id='word_1_74' title='bbox 666 1052 762 1109; x_wconf 87' lang='lat' dir='ltr'>missis</span> <span class='ocrx_word' id='word_1_75' title='bbox 784 1052 866 1108; x_wconf 86' lang='lat' dir='ltr'>adid</span> <span class='ocrx_word' id='word_1_76' title='bbox 885 1052 1037 1109; x_wconf 86' lang='lat' dir='ltr'>visendum</span> <span class='ocrx_word' id='word_1_77' title='bbox 1051 1053 1146 1127; x_wconf 90' lang='lat' dir='ltr'>prodi·</span> 
     </span>
     <span class='ocr_line' id='line_1_10' title="bbox 169 1129 1146 1206; baseline 0.002 -20"><span class='ocrx_word' id='word_1_78' title='bbox 169 1129 259 1205; x_wconf 85' lang='lat' dir='ltr'>gimn,</span> <span class='ocrx_word' id='word_1_79' title='bbox 273 1131 303 1187; x_wconf 95' lang='lat' dir='ltr'>in</span> <span class='ocrx_word' id='word_1_80' title='bbox 318 1133 487 1205; x_wconf 80' lang='lat' dir='ltr'>conspectu,</span> <span class='ocrx_word' id='word_1_81' title='bbox 501 1131 579 1187; x_wconf 89' lang='lat' dir='ltr'>haud</span> <span class='ocrx_word' id='word_1_82' title='bbox 593 1131 675 1188; x_wconf 86' lang='lat' dir='ltr'>aliter</span> <span class='ocrx_word' id='word_1_83' title='bbox 688 1134 775 1206; x_wconf 73' lang='lat' dir='ltr'>quam</span> <span class='ocrx_word' id='word_1_84' title='bbox 788 1149 876 1205; x_wconf 90' lang='lat' dir='ltr'>quum</span> <span class='ocrx_word' id='word_1_85' title='bbox 890 1131 1063 1206; x_wconf 81' lang='lat' dir='ltr'>grandinem</span> <span class='ocrx_word' id='word_1_86' title='bbox 1078 1149 1146 1188; x_wconf 88' lang='lat' dir='ltr'>ven·</span> 
     </span>
    </p>

    <p class='ocr_par' dir='ltr' id='par_1_4' title="bbox 135 1209 1142 1285">
     <span class='ocr_line' id='line_1_11' title="bbox 135 1209 1142 1285; baseline 0.001 -19"><span class='ocrx_word' id='word_1_87' title='bbox 135 1228 159 1266; x_wconf 87' lang='lat'>10</span> <span class='ocrx_word' id='word_1_88' title='bbox 169 1209 191 1265; x_wconf 91' lang='lat' dir='ltr'>ti</span> <span class='ocrx_word' id='word_1_89' title='bbox 204 1209 390 1284; x_wconf 80' lang='lat' dir='ltr'>glomeratam</span> <span class='ocrx_word' id='word_1_90' title='bbox 410 1209 441 1266; x_wconf 92' lang='lat' dir='ltr'>iu</span> <span class='ocrx_word' id='word_1_91' title='bbox 454 1219 545 1266; x_wconf 86' lang='lat' dir='ltr'>terras</span> <span class='ocrx_word' id='word_1_92' title='bbox 559 1220 659 1285; x_wconf 88' lang='lat' dir='ltr'>agunt,</span> <span class='ocrx_word' id='word_1_93' title='bbox 680 1210 774 1268; x_wconf 80' lang='lat' dir='ltr'>crebri</span> <span class='ocrx_word' id='word_1_94' title='bbox 789 1209 921 1268; x_wconf 72' lang='lat' dir='ltr'>cecidere</span> <span class='ocrx_word' id='word_1_95' title='bbox 936 1209 1010 1266; x_wconf 85' lang='lat' dir='ltr'>coelo</span> <span class='ocrx_word' id='word_1_96' title='bbox 1023 1209 1142 1285; x_wconf 84' lang='lat' dir='ltr'>lapides.</span> 
     </span>
    </p>

    <p class='ocr_par' dir='ltr' id='par_1_5' title="bbox 123 1286 1145 1599">
     <span class='ocr_line' id='line_1_12' title="bbox 123 1286 1144 1364; baseline 0.002 -20"><span class='ocrx_word' id='word_1_97' title='bbox 123 1305 126 1310; x_wconf 86' lang='lat'>·</span> <span class='ocrx_word' id='word_1_98' title='bbox 169 1286 233 1344; x_wconf 87' lang='lat' dir='ltr'>Visi</span> <span class='ocrx_word' id='word_1_99' title='bbox 244 1288 330 1345; x_wconf 92' lang='lat' dir='ltr'>etiam</span> <span class='ocrx_word' id='word_1_100' title='bbox 342 1288 442 1345; x_wconf 90' lang='lat' dir='ltr'>audire</span> <span class='ocrx_word' id='word_1_101' title='bbox 456 1307 557 1356; x_wconf 82' lang='lat' dir='ltr'>vocem</span> <span class='ocrx_word' id='word_1_102' title='bbox 572 1289 721 1364; x_wconf 88' lang='lat' dir='ltr'>ingentem</span> <span class='ocrx_word' id='word_1_103' title='bbox 731 1307 768 1346; x_wconf 89' lang='lat' dir='ltr'>ex</span> <span class='ocrx_word' id='word_1_104' title='bbox 778 1289 883 1346; x_wconf 89' lang='lat' dir='ltr'>summi</span> <span class='ocrx_word' id='word_1_105' title='bbox 892 1287 1053 1345; x_wconf 76' lang='lat' dir='ltr'>cacuminis</span> <span class='ocrx_word' id='word_1_106' title='bbox 1066 1288 1144 1360; x_wconf 88' lang='lat' dir='ltr'>luco,</span> 
     </span>
     <span class='ocr_line' id='line_1_13' title="bbox 169 1365 1145 1446; baseline 0 -22"><span class='ocrx_word' id='word_1_107' title='bbox 169 1377 201 1424; x_wconf 89' lang='lat' dir='ltr'>ut</span> <span class='ocrx_word' id='word_1_108' title='bbox 214 1367 306 1441; x_wconf 86' lang='lat' dir='ltr'>patrio</span> <span class='ocrx_word' id='word_1_109' title='bbox 319 1367 376 1446; x_wconf 79' lang='lat' dir='ltr'>ritu</span> <span class='ocrx_word' id='word_1_110' title='bbox 389 1385 472 1424; x_wconf 83' lang='lat' dir='ltr'>sacra</span> <span class='ocrx_word' id='word_1_111' title='bbox 486 1367 595 1424; x_wconf 86' lang='lat' dir='ltr'>Albani</span> <span class='ocrx_word' id='word_1_112' title='bbox 615 1367 755 1434; x_wconf 84' lang='lat' dir='ltr'>facerent,</span> <span class='ocrx_word' id='word_1_113' title='bbox 770 1386 833 1442; x_wconf 80' lang='lat' dir='ltr'>quae</span> <span class='ocrx_word' id='word_1_114' title='bbox 846 1365 940 1443; x_wconf 81' lang='lat' dir='ltr'>(velut</span> <span class='ocrx_word' id='word_1_115' title='bbox 953 1365 1018 1424; x_wconf 88' lang='lat' dir='ltr'>Diis</span> <span class='ocrx_word' id='word_1_116' title='bbox 1031 1385 1145 1441; x_wconf 88' lang='lat' dir='ltr'>quoque</span> 
     </span>
     <span class='ocr_line' id='line_1_14' title="bbox 167 1441 1145 1524; baseline 0.004 -24"><span class='ocrx_word' id='word_1_117' title='bbox 167 1441 253 1502; x_wconf 89' lang='lat' dir='ltr'>simul</span> <span class='ocrx_word' id='word_1_118' title='bbox 276 1465 344 1521; x_wconf 87' lang='lat' dir='ltr'>cum</span> <span class='ocrx_word' id='word_1_119' title='bbox 368 1447 461 1522; x_wconf 77' lang='lat' dir='ltr'>patriai</span> <span class='ocrx_word' id='word_1_120' title='bbox 482 1446 603 1524; x_wconf 90' lang='lat' dir='ltr'>relictis)</span> <span class='ocrx_word' id='word_1_121' title='bbox 624 1445 761 1504; x_wconf 89' lang='lat' dir='ltr'>oblivioni</span> <span class='ocrx_word' id='word_1_122' title='bbox 788 1446 945 1514; x_wconf 86' lang='lat' dir='ltr'>dederant;</span> <span class='ocrx_word' id='word_1_123' title='bbox 967 1457 997 1502; x_wconf 88' lang='lat' dir='ltr'>et</span> <span class='ocrx_word' id='word_1_124' title='bbox 1020 1456 1070 1502; x_wconf 87' lang='lat' dir='ltr'>aut</span> <span class='ocrx_word' id='word_1_125' title='bbox 1083 1445 1145 1504; x_wconf 81' lang='lat' dir='ltr'>Ro-</span> 
     </span>
     <span class='ocr_line' id='line_1_15' title="bbox 167 1524 1143 1599; baseline 0.002 -19"><span class='ocrx_word' id='word_1_126' title='bbox 167 1542 256 1581; x_wconf 89' lang='lat' dir='ltr'>mana</span> <span class='ocrx_word' id='word_1_127' title='bbox 279 1543 362 1581; x_wconf 89' lang='lat' dir='ltr'>sacra</span> <span class='ocrx_word' id='word_1_128' title='bbox 375 1535 573 1599; x_wconf 78' lang='lat' dir='ltr'>susceperant,</span> <span class='ocrx_word' id='word_1_129' title='bbox 588 1535 646 1591; x_wconf 84' lang='lat' dir='ltr'>eut,</span> <span class='ocrx_word' id='word_1_130' title='bbox 660 1524 792 1594; x_wconf 85' lang='lat' dir='ltr'>sortunae,</span> <span class='ocrx_word' id='word_1_131' title='bbox 806 1534 838 1580; x_wconf 91' lang='lat' dir='ltr'>ut</span> <span class='ocrx_word' id='word_1_132' title='bbox 851 1524 892 1591; x_wconf 88' lang='lat' dir='ltr'>fit,</span> <span class='ocrx_word' id='word_1_133' title='bbox 905 1524 1020 1596; x_wconf 83' lang='lat' dir='ltr'>obirati,</span> <span class='ocrx_word' id='word_1_134' title='bbox 1033 1525 1143 1582; x_wconf 89' lang='lat' dir='ltr'>cultum</span> 
     </span>
    </p>

    <p class='ocr_par' dir='ltr' id='par_1_6' title="bbox 133 1601 1162 1991">
     <span class='ocr_line' id='line_1_16' title="bbox 133 1601 1145 1678; baseline -0.001 -18"><span class='ocrx_word' id='word_1_135' title='bbox 133 1603 346 1676; x_wconf 70' lang='lat' dir='ltr'>rereliquerant</span> <span class='ocrx_word' id='word_1_136' title='bbox 366 1601 472 1662; x_wconf 78' lang='lat' dir='ltr'>Deirm.</span> <span class='ocrx_word' id='word_1_137' title='bbox 527 1601 671 1666; x_wconf 84' lang='lat' dir='ltr'>Romanis</span> <span class='ocrx_word' id='word_1_138' title='bbox 691 1620 803 1676; x_wconf 88' lang='lat' dir='ltr'>quoque</span> <span class='ocrx_word' id='word_1_139' title='bbox 831 1602 993 1658; x_wconf 80' lang='lat' dir='ltr'>abeodem</span> <span class='ocrx_word' id='word_1_140' title='bbox 1013 1603 1145 1678; x_wconf 87' lang='lat' dir='ltr'>prodigio</span> 
     </span>
     <span class='ocr_line' id='line_1_17' title="bbox 166 1677 1146 1754; baseline 0 -17"><span class='ocrx_word' id='word_1_141' title='bbox 166 1681 353 1745; x_wconf 86' lang='lat' dir='ltr'>novemdiale</span> <span class='ocrx_word' id='word_1_142' title='bbox 368 1699 481 1737; x_wconf 87' lang='lat' dir='ltr'>sacrum</span> <span class='ocrx_word' id='word_1_143' title='bbox 494 1677 611 1753; x_wconf 76' lang='lat' dir='ltr'>publice</span> <span class='ocrx_word' id='word_1_144' title='bbox 626 1690 791 1754; x_wconf 89' lang='lat' dir='ltr'>susceptum</span> <span class='ocrx_word' id='word_1_145' title='bbox 805 1689 866 1747; x_wconf 72' lang='lat' dir='ltr'>est,</span> <span class='ocrx_word' id='word_1_146' title='bbox 888 1697 940 1736; x_wconf 86' lang='lat' dir='ltr'>seu</span> <span class='ocrx_word' id='word_1_147' title='bbox 950 1697 1020 1736; x_wconf 89' lang='lat' dir='ltr'>voce</span> <span class='ocrx_word' id='word_1_148' title='bbox 1035 1679 1146 1738; x_wconf 87' lang='lat' dir='ltr'>coelesti</span> 
     </span>
     <span class='ocr_line' id='line_1_18' title="bbox 167 1756 1147 1836; baseline -0.001 -20"><span class='ocrx_word' id='word_1_149' title='bbox 167 1778 205 1816; x_wconf 85' lang='lat' dir='ltr'>ex</span> <span class='ocrx_word' id='word_1_150' title='bbox 218 1759 337 1816; x_wconf 86' lang='lat' dir='ltr'>Albano</span> <span class='ocrx_word' id='word_1_151' title='bbox 351 1768 449 1815; x_wconf 85' lang='lat' dir='ltr'>monte</span> <span class='ocrx_word' id='word_1_152' title='bbox 474 1759 560 1815; x_wconf 69' lang='lat' dir='ltr'>missa</span> <span class='ocrx_word' id='word_1_153' title='bbox 575 1757 657 1834; x_wconf 87' lang='lat' dir='ltr'>(nam</span> <span class='ocrx_word' id='word_1_154' title='bbox 671 1757 700 1815; x_wconf 95' lang='lat' dir='ltr'>id</span> <span class='ocrx_word' id='word_1_155' title='bbox 717 1757 829 1832; x_wconf 88' lang='lat' dir='ltr'>quoque</span> <span class='ocrx_word' id='word_1_156' title='bbox 842 1756 989 1836; x_wconf 82' lang='lat' dir='ltr'>traditur),</span> <span class='ocrx_word' id='word_1_157' title='bbox 1003 1771 1055 1814; x_wconf 87' lang='lat' dir='ltr'>seu</span> <span class='ocrx_word' id='word_1_158' title='bbox 1069 1776 1147 1816; x_wconf 86' lang='lat' dir='ltr'>arus-</span> 
     </span>
     <span class='ocr_line' id='line_1_19' title="bbox 168 1836 1162 1912; baseline 0.001 -18"><span class='ocrx_word' id='word_1_159' title='bbox 168 1838 267 1912; x_wconf 88' lang='lat' dir='ltr'>picum</span> <span class='ocrx_word' id='word_1_160' title='bbox 292 1837 415 1894; x_wconf 90' lang='lat' dir='ltr'>monitu.</span> <span class='ocrx_word' id='word_1_161' title='bbox 457 1836 569 1894; x_wconf 83' lang='lat' dir='ltr'>Mansit</span> <span class='ocrx_word' id='word_1_162' title='bbox 582 1836 659 1892; x_wconf 76' lang='lat' dir='ltr'>certe</span> <span class='ocrx_word' id='word_1_163' title='bbox 681 1836 811 1902; x_wconf 86' lang='lat' dir='ltr'>solenne,</span> <span class='ocrx_word' id='word_1_164' title='bbox 826 1844 867 1908; x_wconf 86' lang='lat' dir='ltr'>ut,</span> <span class='ocrx_word' id='word_1_165' title='bbox 882 1837 1052 1910; x_wconf 88' lang='lat' dir='ltr'>quandoque</span> <span class='ocrx_word' id='word_1_166' title='bbox 1065 1837 1162 1896; x_wconf 89' lang='lat' dir='ltr'>idem·</span> 
     </span>
     <span class='ocr_line' id='line_1_20' title="bbox 168 1913 1142 1991; baseline 0.002 -19"><span class='ocrx_word' id='word_1_167' title='bbox 168 1916 331 1991; x_wconf 90' lang='lat' dir='ltr'>prodigium</span> <span class='ocrx_word' id='word_1_168' title='bbox 357 1915 549 1987; x_wconf 88' lang='lat' dir='ltr'>nuntiaretur,</span> <span class='ocrx_word' id='word_1_169' title='bbox 577 1914 655 1971; x_wconf 89' lang='lat' dir='ltr'>feriae</span> <span class='ocrx_word' id='word_1_170' title='bbox 682 1933 733 1989; x_wconf 93' lang='lat' dir='ltr'>per</span> <span class='ocrx_word' id='word_1_171' title='bbox 760 1933 864 1971; x_wconf 86' lang='lat' dir='ltr'>novem</span> <span class='ocrx_word' id='word_1_172' title='bbox 891 1913 953 1971; x_wconf 89' lang='lat' dir='ltr'>dies</span> <span class='ocrx_word' id='word_1_173' title='bbox 980 1927 1142 1990; x_wconf 83' lang='lat' dir='ltr'>agerentur.</span> 
     </span>
    </p>

    <p class='ocr_par' dir='ltr' id='par_1_7' title="bbox 131 1991 1197 3250">
     <span class='ocr_line' id='line_1_21' title="bbox 134 1991 1142 2070; baseline 0 -18"><span class='ocrx_word' id='word_1_174' title='bbox 134 2013 158 2051; x_wconf 81' lang='lat' dir='ltr'>ao</span> <span class='ocrx_word' id='word_1_175' title='bbox 170 1995 258 2052; x_wconf 88' lang='lat' dir='ltr'>Haud</span> <span class='ocrx_word' id='word_1_176' title='bbox 273 1995 313 2051; x_wconf 88' lang='lat' dir='ltr'>ita</span> <span class='ocrx_word' id='word_1_177' title='bbox 327 1991 415 2051; x_wconf 83' lang='lat' dir='ltr'>multd</span> <span class='ocrx_word' id='word_1_178' title='bbox 429 1992 494 2069; x_wconf 78' lang='lat' dir='ltr'>post</span> <span class='ocrx_word' id='word_1_179' title='bbox 517 1993 680 2067; x_wconf 74' lang='lat' dir='ltr'>pestilentia</span> <span class='ocrx_word' id='word_1_180' title='bbox 696 1993 863 2063; x_wconf 70' lang='lat' dir='ltr'>⁷laboratum</span> <span class='ocrx_word' id='word_1_181' title='bbox 877 2003 940 2050; x_wconf 88' lang='lat' dir='ltr'>est:</span> <span class='ocrx_word' id='word_1_182' title='bbox 962 1995 1040 2052; x_wconf 91' lang='lat' dir='ltr'>unde</span> <span class='ocrx_word' id='word_1_183' title='bbox 1053 2013 1142 2070; x_wconf 91' lang='lat' dir='ltr'>quum</span> 
     </span>
     <span class='ocr_line' id='line_1_22' title="bbox 168 2068 1144 2150; baseline 0 -19"><span class='ocrx_word' id='word_1_184' title='bbox 168 2074 285 2150; x_wconf 82' lang='lat' dir='ltr'>pigritia</span> <span class='ocrx_word' id='word_1_185' title='bbox 305 2073 446 2150; x_wconf 84' lang='lat' dir='ltr'>militandi</span> <span class='ocrx_word' id='word_1_186' title='bbox 470 2071 702 2140; x_wconf 86' lang='lat' dir='ltr'>oriretur‚.nulla</span> <span class='ocrx_word' id='word_1_187' title='bbox 721 2068 819 2130; x_wconf 86' lang='lat' dir='ltr'>tamen</span> <span class='ocrx_word' id='word_1_188' title='bbox 834 2071 871 2128; x_wconf 86' lang='lat' dir='ltr'>ab</span> <span class='ocrx_word' id='word_1_189' title='bbox 884 2072 970 2129; x_wconf 87' lang='lat' dir='ltr'>armis</span> <span class='ocrx_word' id='word_1_190' title='bbox 993 2073 1075 2148; x_wconf 88' lang='lat' dir='ltr'>quies</span> <span class='ocrx_word' id='word_1_191' title='bbox 1093 2074 1144 2131; x_wconf 90' lang='lat' dir='ltr'>da·</span> 
     </span>
     <span class='ocr_line' id='line_1_23' title="bbox 169 2150 1142 2226; baseline 0 -16"><span class='ocrx_word' id='word_1_192' title='bbox 169 2154 251 2210; x_wconf 85' lang='lat' dir='ltr'>batur</span> <span class='ocrx_word' id='word_1_193' title='bbox 275 2152 312 2209; x_wconf 90' lang='lat' dir='ltr'>ab</span> <span class='ocrx_word' id='word_1_194' title='bbox 337 2151 472 2209; x_wconf 90' lang='lat' dir='ltr'>bellicoso</span> <span class='ocrx_word' id='word_1_195' title='bbox 493 2170 571 2226; x_wconf 91' lang='lat' dir='ltr'>rege,</span> <span class='ocrx_word' id='word_1_196' title='bbox 591 2150 749 2208; x_wconf 89' lang='lat' dir='ltr'>salubriora</span> <span class='ocrx_word' id='word_1_197' title='bbox 769 2151 857 2208; x_wconf 86' lang='lat' dir='ltr'>etium</span> <span class='ocrx_word' id='word_1_198' title='bbox 871 2151 1008 2209; x_wconf 90' lang='lat' dir='ltr'>credente</span> <span class='ocrx_word' id='word_1_199' title='bbox 1022 2152 1142 2220; x_wconf 74' lang='lat' dir='ltr'>militiae,</span> 
     </span>
     <span class='ocr_line' id='line_1_24' title="bbox 168 2229 1144 2306; baseline 0.001 -19"><span class='ocrx_word' id='word_1_200' title='bbox 168 2229 256 2305; x_wconf 68' lang='lat' dir='ltr'>quim</span> <span class='ocrx_word' id='word_1_201' title='bbox 269 2231 356 2302; x_wconf 90' lang='lat' dir='ltr'>domi,</span> <span class='ocrx_word' id='word_1_202' title='bbox 368 2231 507 2306; x_wconf 83' lang='lat' dir='ltr'>juvenum</span> <span class='ocrx_word' id='word_1_203' title='bbox 523 2247 648 2304; x_wconf 61' lang='lat' dir='ltr'>,corpora</span> <span class='ocrx_word' id='word_1_204' title='bbox 660 2237 752 2299; x_wconf 83' lang='lat' dir='ltr'>&#39;esse3</span> <span class='ocrx_word' id='word_1_205' title='bbox 773 2230 867 2286; x_wconf 89' lang='lat' dir='ltr'>donec</span> <span class='ocrx_word' id='word_1_206' title='bbox 882 2229 943 2304; x_wconf 89' lang='lat' dir='ltr'>ipse</span> <span class='ocrx_word' id='word_1_207' title='bbox 956 2249 1068 2306; x_wconf 90' lang='lat' dir='ltr'>quoque</span> <span class='ocrx_word' id='word_1_208' title='bbox 1082 2231 1144 2288; x_wconf 90' lang='lat' dir='ltr'>lon-</span> 
     </span>
     <span class='ocr_line' id='line_1_25' title="bbox 169 2306 1141 2384; baseline 0.001 -18"><span class='ocrx_word' id='word_1_209' title='bbox 169 2310 277 2384; x_wconf 89' lang='lat' dir='ltr'>ginquo</span> <span class='ocrx_word' id='word_1_210' title='bbox 290 2310 388 2367; x_wconf 88' lang='lat' dir='ltr'>morbo</span> <span class='ocrx_word' id='word_1_211' title='bbox 409 2319 453 2366; x_wconf 88' lang='lat' dir='ltr'>est</span> <span class='ocrx_word' id='word_1_212' title='bbox 476 2309 642 2384; x_wconf 84' lang='lat' dir='ltr'>implicitus.</span> <span class='ocrx_word' id='word_1_213' title='bbox 684 2308 773 2376; x_wconf 83' lang='lat' dir='ltr'>Tunc</span> <span class='ocrx_word' id='word_1_214' title='bbox 788 2306 861 2366; x_wconf 72' lang='lat' dir='ltr'>adeo</span> <span class='ocrx_word' id='word_1_215' title='bbox 876 2308 959 2366; x_wconf 86' lang='lat' dir='ltr'>fracti</span> <span class='ocrx_word' id='word_1_216' title='bbox 973 2310 1058 2367; x_wconf 89' lang='lat' dir='ltr'>simul</span> <span class='ocrx_word' id='word_1_217' title='bbox 1073 2329 1141 2368; x_wconf 88' lang='lat' dir='ltr'>cum</span> 
     </span>
     <span class='ocr_line' id='line_1_26' title="bbox 135 2387 1143 2464; baseline -0.003 -15"><span class='ocrx_word' id='word_1_218' title='bbox 135 2412 159 2451; x_wconf 73' lang='lat' dir='ltr'>aa</span> <span class='ocrx_word' id='word_1_219' title='bbox 168 2407 287 2464; x_wconf 85' lang='lat' dir='ltr'>corpore</span> <span class='ocrx_word' id='word_1_220' title='bbox 301 2398 367 2446; x_wconf 88' lang='lat' dir='ltr'>suut</span> <span class='ocrx_word' id='word_1_221' title='bbox 381 2388 497 2463; x_wconf 82' lang='lat' dir='ltr'>spiritus</span> <span class='ocrx_word' id='word_1_222' title='bbox 520 2387 562 2444; x_wconf 90' lang='lat' dir='ltr'>illi</span> <span class='ocrx_word' id='word_1_223' title='bbox 583 2387 705 2458; x_wconf 88' lang='lat' dir='ltr'>feroces,</span> <span class='ocrx_word' id='word_1_224' title='bbox 719 2397 761 2453; x_wconf 90' lang='lat' dir='ltr'>ut,</span> <span class='ocrx_word' id='word_1_225' title='bbox 776 2387 825 2460; x_wconf 87' lang='lat' dir='ltr'>qui</span> <span class='ocrx_word' id='word_1_226' title='bbox 838 2387 910 2443; x_wconf 88' lang='lat' dir='ltr'>nihil</span> <span class='ocrx_word' id='word_1_227' title='bbox 925 2388 991 2446; x_wconf 73' lang='lat' dir='ltr'>ante</span> <span class='ocrx_word' id='word_1_228' title='bbox 1005 2399 1084 2446; x_wconf 90' lang='lat' dir='ltr'>ratus</span> <span class='ocrx_word' id='word_1_229' title='bbox 1098 2407 1143 2446; x_wconf 89' lang='lat' dir='ltr'>es·</span> 
     </span>
     <span class='ocr_line' id='line_1_27' title="bbox 168 2463 1142 2542; baseline 0 -18"><span class='ocrx_word' id='word_1_230' title='bbox 168 2478 212 2524; x_wconf 86' lang='lat' dir='ltr'>set</span> <span class='ocrx_word' id='word_1_231' title='bbox 235 2467 330 2524; x_wconf 78' lang='lat' dir='ltr'>mimis</span> <span class='ocrx_word' id='word_1_232' title='bbox 352 2467 476 2542; x_wconf 90' lang='lat' dir='ltr'>regium,</span> <span class='ocrx_word' id='word_1_233' title='bbox 497 2463 584 2540; x_wconf 71' lang='lat' dir='ltr'>quim</span> <span class='ocrx_word' id='word_1_234' title='bbox 611 2465 700 2521; x_wconf 80' lang='lat' dir='ltr'>sacris</span> <span class='ocrx_word' id='word_1_235' title='bbox 724 2465 831 2522; x_wconf 85' lang='lat' dir='ltr'>ded&#39;ere</span> <span class='ocrx_word' id='word_1_236' title='bbox 855 2464 994 2532; x_wconf 90' lang='lat' dir='ltr'>animum,</span> <span class='ocrx_word' id='word_1_237' title='bbox 1021 2466 1142 2540; x_wconf 73' lang='lat' dir='ltr'>repente</span> 
     </span>
     <span class='ocr_line' id='line_1_28' title="bbox 167 2541 1144 2622; baseline -0.003 -18"><span class='ocrx_word' id='word_1_238' title='bbox 167 2546 300 2604; x_wconf 87' lang='lat' dir='ltr'>omnibus</span> <span class='ocrx_word' id='word_1_239' title='bbox 314 2546 429 2622; x_wconf 87' lang='lat' dir='ltr'>magnis</span> <span class='ocrx_word' id='word_1_240' title='bbox 442 2543 592 2621; x_wconf 85' lang='lat' dir='ltr'>parvisque</span> <span class='ocrx_word' id='word_1_241' title='bbox 601 2541 851 2616; x_wconf 89' lang='lat' dir='ltr'>superstitionibus</span> <span class='ocrx_word' id='word_1_242' title='bbox 861 2542 1002 2599; x_wconf 88' lang='lat' dir='ltr'>obnoxius</span> <span class='ocrx_word' id='word_1_243' title='bbox 1016 2544 1144 2618; x_wconf 84' lang='lat' dir='ltr'>degeret,</span> 
     </span>
     <span class='ocr_line' id='line_1_29' title="bbox 167 2620 1143 2702; baseline 0 -21"><span class='ocrx_word' id='word_1_244' title='bbox 167 2625 411 2702; x_wconf 87' lang='lat' dir='ltr'>religionibusque</span> <span class='ocrx_word' id='word_1_245' title='bbox 436 2621 525 2680; x_wconf 91' lang='lat' dir='ltr'>etiam</span> <span class='ocrx_word' id='word_1_246' title='bbox 537 2621 675 2697; x_wconf 91' lang='lat' dir='ltr'>populum</span> <span class='ocrx_word' id='word_1_247' title='bbox 689 2620 828 2695; x_wconf 89' lang='lat' dir='ltr'>impleret.</span> <span class='ocrx_word' id='word_1_248' title='bbox 871 2620 967 2699; x_wconf 77' lang='lat' dir='ltr'>Vulgo</span> <span class='ocrx_word' id='word_1_249' title='bbox 977 2621 1038 2696; x_wconf 89' lang='lat' dir='ltr'>jam</span> <span class='ocrx_word' id='word_1_250' title='bbox 1052 2623 1143 2681; x_wconf 91' lang='lat' dir='ltr'>homi·</span> 
     </span>
     <span class='ocr_line' id='line_1_30' title="bbox 166 2698 1143 2777; baseline -0.001 -17"><span class='ocrx_word' id='word_1_251' title='bbox 166 2723 229 2772; x_wconf 88' lang='lat' dir='ltr'>nes,</span> <span class='ocrx_word' id='word_1_252' title='bbox 243 2723 310 2761; x_wconf 89' lang='lat' dir='ltr'>eum</span> <span class='ocrx_word' id='word_1_253' title='bbox 332 2714 440 2762; x_wconf 89' lang='lat' dir='ltr'>statum</span> <span class='ocrx_word' id='word_1_254' title='bbox 463 2719 570 2767; x_wconf 89' lang='lat' dir='ltr'>rerum,</span> <span class='ocrx_word' id='word_1_255' title='bbox 584 2699 632 2774; x_wconf 91' lang='lat' dir='ltr'>qui</span> <span class='ocrx_word' id='word_1_256' title='bbox 656 2699 710 2755; x_wconf 88' lang='lat' dir='ltr'>sub</span> <span class='ocrx_word' id='word_1_257' title='bbox 730 2698 832 2756; x_wconf 71' lang='lat' dir='ltr'>Numa</span> <span class='ocrx_word' id='word_1_258' title='bbox 852 2717 920 2775; x_wconf 89' lang='lat' dir='ltr'>rege</span> <span class='ocrx_word' id='word_1_259' title='bbox 934 2699 1035 2769; x_wconf 87' lang='lat' dir='ltr'>fuerat,</span> <span class='ocrx_word' id='word_1_260' title='bbox 1050 2703 1143 2777; x_wconf 90' lang='lat' dir='ltr'>requi-</span> 
     </span>
     <span class='ocr_line' id='line_1_31' title="bbox 134 2777 1143 2858; baseline -0.005 -14"><span class='ocrx_word' id='word_1_261' title='bbox 134 2793 272 2857; x_wconf 85' lang='lat' dir='ltr'>aorentes‚</span> <span class='ocrx_word' id='word_1_262' title='bbox 286 2802 374 2840; x_wconf 88' lang='lat' dir='ltr'>unam</span> <span class='ocrx_word' id='word_1_263' title='bbox 393 2800 478 2858; x_wconf 91' lang='lat' dir='ltr'>opem</span> <span class='ocrx_word' id='word_1_264' title='bbox 492 2779 584 2856; x_wconf 69' lang='lat' dir='ltr'>‘aegris</span> <span class='ocrx_word' id='word_1_265' title='bbox 597 2777 773 2854; x_wconf 79' lang='lat' dir='ltr'>&#39;corporibus</span> <span class='ocrx_word' id='word_1_266' title='bbox 787 2777 927 2852; x_wconf 89' lang='lat' dir='ltr'>relictam,</span> <span class='ocrx_word' id='word_1_267' title='bbox 940 2779 964 2836; x_wconf 90' lang='lat' dir='ltr'>si</span> <span class='ocrx_word' id='word_1_268' title='bbox 978 2798 1034 2856; x_wconf 87' lang='lat' dir='ltr'>pax</span> <span class='ocrx_word' id='word_1_269' title='bbox 1046 2782 1143 2839; x_wconf 87' lang='lat' dir='ltr'>venia·</span> 
     </span>
     <span class='ocr_line' id='line_1_32' title="bbox 165 2857 1142 2937; baseline 0.001 -18"><span class='ocrx_word' id='word_1_270' title='bbox 165 2881 221 2937; x_wconf 91' lang='lat' dir='ltr'>que</span> <span class='ocrx_word' id='word_1_271' title='bbox 236 2863 272 2919; x_wconf 86' lang='lat' dir='ltr'>ab</span> <span class='ocrx_word' id='word_1_272' title='bbox 286 2862 352 2919; x_wconf 89' lang='lat' dir='ltr'>Diis</span> <span class='ocrx_word' id='word_1_273' title='bbox 365 2862 517 2936; x_wconf 87' lang='lat' dir='ltr'>impetrata</span> <span class='ocrx_word' id='word_1_274' title='bbox 537 2859 622 2930; x_wconf 85' lang='lat' dir='ltr'>esset,</span> <span class='ocrx_word' id='word_1_275' title='bbox 642 2857 807 2915; x_wconf 83' lang='lat' dir='ltr'>credebant.</span> <span class='ocrx_word' id='word_1_276' title='bbox 849 2858 949 2934; x_wconf 90' lang='lat' dir='ltr'>Ipsum</span> <span class='ocrx_word' id='word_1_277' title='bbox 962 2879 1071 2936; x_wconf 85' lang='lat' dir='ltr'>regem,</span> <span class='ocrx_word' id='word_1_278' title='bbox 1086 2872 1142 2920; x_wconf 88' lang='lat' dir='ltr'>tra·</span> 
     </span>
     <span class='ocr_line' id='line_1_33' title="bbox 166 2936 1141 3017; baseline 0.002 -20"><span class='ocrx_word' id='word_1_279' title='bbox 166 2941 250 3013; x_wconf 88' lang='lat' dir='ltr'>dunt,</span> <span class='ocrx_word' id='word_1_280' title='bbox 261 2941 420 2997; x_wconf 89' lang='lat' dir='ltr'>volventem</span> <span class='ocrx_word' id='word_1_281' title='bbox 435 2937 657 2998; x_wconf 88' lang='lat' dir='ltr'>commentarios</span> <span class='ocrx_word' id='word_1_282' title='bbox 671 2936 787 3004; x_wconf 84' lang='lat' dir='ltr'>Numae,</span> <span class='ocrx_word' id='word_1_283' title='bbox 797 2957 885 3012; x_wconf 89' lang='lat' dir='ltr'>quum</span> <span class='ocrx_word' id='word_1_284' title='bbox 894 2939 934 2996; x_wconf 94' lang='lat' dir='ltr'>ibi</span> <span class='ocrx_word' id='word_1_285' title='bbox 947 2941 1079 3017; x_wconf 86' lang='lat' dir='ltr'>quaedam</span> <span class='ocrx_word' id='word_1_286' title='bbox 1092 2960 1141 2999; x_wconf 90' lang='lat' dir='ltr'>oo·</span> 
     </span>
     <span class='ocr_line' id='line_1_34' title="bbox 165 3015 1197 3095; baseline 0.001 -18"><span class='ocrx_word' id='word_1_287' title='bbox 165 3020 248 3078; x_wconf 83' lang='lat' dir='ltr'>culta</span> <span class='ocrx_word' id='word_1_288' title='bbox 261 3018 392 3076; x_wconf 88' lang='lat' dir='ltr'>solennia</span> <span class='ocrx_word' id='word_1_289' title='bbox 414 3018 555 3075; x_wconf 87' lang='lat' dir='ltr'>sacrificia</span> <span class='ocrx_word' id='word_1_290' title='bbox 579 3015 644 3074; x_wconf 88' lang='lat' dir='ltr'>Jovi</span> <span class='ocrx_word' id='word_1_291' title='bbox 664 3015 758 3074; x_wconf 89' lang='lat' dir='ltr'>Elicio</span> <span class='ocrx_word' id='word_1_292' title='bbox 773 3016 1028 3086; x_wconf 74' lang='lat' dir='ltr'>facta‘invenisset,</span> <span class='ocrx_word' id='word_1_293' title='bbox 1043 3039 1141 3095; x_wconf 87' lang='lat' dir='ltr'>opera·</span> <span class='ocrx_word' id='word_1_294' title='bbox 1194 3081 1197 3087; x_wconf 41' lang='lat'>,</span> 
     </span>
     <span class='ocr_line' id='line_1_35' title="bbox 165 3095 1140 3165; baseline 0.002 -9"><span class='ocrx_word' id='word_1_295' title='bbox 165 3109 230 3156; x_wconf 87' lang='lat' dir='ltr'>tum</span> <span class='ocrx_word' id='word_1_296' title='bbox 245 3097 290 3154; x_wconf 87' lang='lat' dir='ltr'>his</span> <span class='ocrx_word' id='word_1_297' title='bbox 301 3097 390 3155; x_wconf 88' lang='lat' dir='ltr'>sacris</span> <span class='ocrx_word' id='word_1_298' title='bbox 403 3117 434 3155; x_wconf 91' lang='lat' dir='ltr'>se</span> <span class='ocrx_word' id='word_1_299' title='bbox 448 3096 609 3165; x_wconf 83' lang='lat' dir='ltr'>abdidisse3</span> <span class='ocrx_word' id='word_1_300' title='bbox 631 3096 755 3154; x_wconf 85' lang='lat' dir='ltr'>sednon</span> <span class='ocrx_word' id='word_1_301' title='bbox 769 3095 821 3153; x_wconf 77' lang='lat' dir='ltr'>rite</span> <span class='ocrx_word' id='word_1_302' title='bbox 832 3096 936 3155; x_wconf 90' lang='lat' dir='ltr'>initum</span> <span class='ocrx_word' id='word_1_303' title='bbox 951 3109 1140 3158; x_wconf 80' lang='lat' dir='ltr'>automatum</span> 
     </span>
     <span class='ocr_line' id='line_1_36' title="bbox 131 3173 1140 3250; baseline 0.001 -13"><span class='ocrx_word' id='word_1_304' title='bbox 131 3179 196 3238; x_wconf 80' lang='lat' dir='ltr'>rsid</span> <span class='ocrx_word' id='word_1_305' title='bbox 211 3195 325 3235; x_wconf 85' lang='lat' dir='ltr'>sacrum</span> <span class='ocrx_word' id='word_1_306' title='bbox 349 3195 431 3247; x_wconf 76' lang='lat' dir='ltr'>esse,</span> <span class='ocrx_word' id='word_1_307' title='bbox 453 3195 509 3234; x_wconf 87' lang='lat' dir='ltr'>nee</span> <span class='ocrx_word' id='word_1_308' title='bbox 533 3173 630 3250; x_wconf 75' lang='lat' dir='ltr'>solium</span> <span class='ocrx_word' id='word_1_309' title='bbox 651 3175 760 3233; x_wconf 87' lang='lat' dir='ltr'>nullam</span> <span class='ocrx_word' id='word_1_310' title='bbox 783 3176 810 3232; x_wconf 91' lang='lat' dir='ltr'>ei</span> <span class='ocrx_word' id='word_1_311' title='bbox 834 3176 960 3234; x_wconf 86' lang='lat' dir='ltr'>oblatam</span> <span class='ocrx_word' id='word_1_312' title='bbox 978 3179 1140 3238; x_wconf 76' lang='lat' dir='ltr'>scelestium</span> 
     </span>
    </p>

    <p class='ocr_par' dir='ltr' id='par_1_8' title="bbox 70 3254 1139 3333">
     <span class='ocr_line' id='line_1_37' title="bbox 70 3254 1139 3333; baseline 0.004 -19"><span class='ocrx_word' id='word_1_313' title='bbox 70 3305 72 3308; x_wconf 95' lang='lat'>.</span> <span class='ocrx_word' id='word_1_314' title='bbox 164 3257 305 3333; x_wconf 80' lang='lat' dir='ltr'>speciem,</span> <span class='ocrx_word' id='word_1_315' title='bbox 331 3257 392 3324; x_wconf 80' lang='lat' dir='ltr'>sed,</span> <span class='ocrx_word' id='word_1_316' title='bbox 407 3256 450 3312; x_wconf 70' lang='lat' dir='ltr'>ira</span> <span class='ocrx_word' id='word_1_317' title='bbox 473 3254 564 3326; x_wconf 79' lang='lat' dir='ltr'>lovis,</span> <span class='ocrx_word' id='word_1_318' title='bbox 578 3254 722 3320; x_wconf 87' lang='lat' dir='ltr'>sollicitati</span> <span class='ocrx_word' id='word_1_319' title='bbox 746 3256 833 3330; x_wconf 69' lang='lat' dir='ltr'>prave</span> <span class='ocrx_word' id='word_1_320' title='bbox 854 3255 1004 3331; x_wconf 83' lang='lat' dir='ltr'>religione,</span> <span class='ocrx_word' id='word_1_321' title='bbox 1019 3257 1139 3318; x_wconf 84' lang='lat' dir='ltr'>fulmine</span> 
     </span>
    </p>

    <p class='ocr_par' dir='ltr' id='par_1_9' title="bbox 166 3333 1141 3415">
     <span class='ocr_line' id='line_1_38' title="bbox 166 3333 1141 3415; baseline 0.005 -23"><span class='ocrx_word' id='word_1_322' title='bbox 166 3335 257 3394; x_wconf 86' lang='lat' dir='ltr'>ictum</span> <span class='ocrx_word' id='word_1_323' title='bbox 281 3354 350 3394; x_wconf 90' lang='lat' dir='ltr'>curn</span> <span class='ocrx_word' id='word_1_324' title='bbox 374 3335 459 3393; x_wconf 91' lang='lat' dir='ltr'>domo</span> <span class='ocrx_word' id='word_1_325' title='bbox 480 3334 681 3410; x_wconf 70' lang='lat' dir='ltr'>conflagrasse.</span> <span class='ocrx_word' id='word_1_326' title='bbox 723 3333 828 3392; x_wconf 67' lang='lat' dir='ltr'>&#39;I&#39;ullus</span> <span class='ocrx_word' id='word_1_327' title='bbox 842 3337 947 3412; x_wconf 71' lang='lat' dir='ltr'>magui</span> <span class='ocrx_word' id='word_1_328' title='bbox 967 3335 1059 3415; x_wconf 70' lang='lat' dir='ltr'>gloria</span> <span class='ocrx_word' id='word_1_329' title='bbox 1073 3338 1141 3397; x_wconf 93' lang='lat' dir='ltr'>belli</span> 
     </span>
    </p>

    <p class='ocr_par' dir='ltr' id='par_1_10' title="bbox 165 3413 919 3492">
     <span class='ocr_line' id='line_1_39' title="bbox 165 3413 919 3492; baseline -0.001 -19"><span class='ocrx_word' id='word_1_330' title='bbox 165 3415 298 3492; x_wconf 88' lang='lat' dir='ltr'>regnavit</span> <span class='ocrx_word' id='word_1_331' title='bbox 311 3433 404 3474; x_wconf 88' lang='lat' dir='ltr'>anuos</span> <span class='ocrx_word' id='word_1_332' title='bbox 417 3414 531 3474; x_wconf 83' lang='lat' dir='ltr'>duoset</span> <span class='ocrx_word' id='word_1_333' title='bbox 544 3413 671 3489; x_wconf 81' lang='lat' dir='ltr'>trigInta.</span> <span class='ocrx_word' id='word_1_334' title='bbox 871 3435 872 3440; x_wconf 48' lang='lat'>¹</span> <span class='ocrx_word' id='word_1_335' title='bbox 916 3426 919 3431; x_wconf 87' lang='grc'><strong><em>·</em></strong></span> 
     </span>
    </p>
   </div>
   <div class='ocr_carea' id='block_1_4' title="bbox 132 3553 1140 3809">
    <p class='ocr_par' dir='ltr' id='par_1_11' title="bbox 132 3553 1140 3809">
     <span class='ocr_line' id='line_1_40' title="bbox 205 3553 1139 3646; baseline -0.005 -15"><span class='ocrx_word' id='word_1_336' title='bbox 205 3571 344 3631; x_wconf 90' lang='lat' dir='ltr'>XXXII.</span> <span class='ocrx_word' id='word_1_337' title='bbox 364 3572 480 3631; x_wconf 89' lang='lat' dir='ltr'>Mortuo</span> <span class='ocrx_word' id='word_1_338' title='bbox 502 3571 601 3640; x_wconf 90' lang='lat' dir='ltr'>Tullo,</span> <span class='ocrx_word' id='word_1_339' title='bbox 625 3591 681 3640; x_wconf 89' lang='lat' dir='ltr'>res,</span> <span class='ocrx_word' id='word_1_340' title='bbox 696 3583 728 3629; x_wconf 90' lang='lat' dir='ltr'>ut</span> <span class='ocrx_word' id='word_1_341' title='bbox 750 3553 914 3630; x_wconf 80' lang='lat' dir='ltr'>institutum</span> <span class='ocrx_word' id='word_1_342' title='bbox 932 3571 992 3646; x_wconf 75' lang='lat' dir='ltr'>jam</span> <span class='ocrx_word' id='word_1_343' title='bbox 1012 3569 1081 3627; x_wconf 88' lang='lat' dir='ltr'>inde</span> <span class='ocrx_word' id='word_1_344' title='bbox 1101 3570 1139 3626; x_wconf 88' lang='lat' dir='ltr'>ab</span> 
     </span>
     <span class='ocr_line' id='line_1_41' title="bbox 132 3646 1140 3728; baseline -0.008 -17"><span class='ocrx_word' id='word_1_345' title='bbox 132 3651 248 3711; x_wconf 80' lang='lat' dir='ltr'>oinitio</span> <span class='ocrx_word' id='word_1_346' title='bbox 261 3662 334 3720; x_wconf 87' lang='lat' dir='ltr'>erat,</span> <span class='ocrx_word' id='word_1_347' title='bbox 349 3653 385 3709; x_wconf 83' lang='lat' dir='ltr'>ad</span> <span class='ocrx_word' id='word_1_348' title='bbox 399 3652 499 3728; x_wconf 80' lang='lat' dir='ltr'>Patres</span> <span class='ocrx_word' id='word_1_349' title='bbox 521 3651 661 3709; x_wconf 85' lang='lat' dir='ltr'>redierat:</span> <span class='ocrx_word' id='word_1_350' title='bbox 684 3651 770 3726; x_wconf 92' lang='lat' dir='ltr'>hique</span> <span class='ocrx_word' id='word_1_351' title='bbox 786 3651 960 3724; x_wconf 89' lang='lat' dir='ltr'>interregem</span> <span class='ocrx_word' id='word_1_352' title='bbox 974 3646 1140 3704; x_wconf 79' lang='lat' dir='ltr'>nomInave·</span> 
     </span>
     <span class='ocr_line' id='line_1_42' title="bbox 164 3728 1140 3809; baseline -0.007 -20"><span class='ocrx_word' id='word_1_353' title='bbox 164 3742 248 3790; x_wconf 85' lang='lat' dir='ltr'>rant:</span> <span class='ocrx_word' id='word_1_354' title='bbox 269 3750 327 3809; x_wconf 91' lang='lat' dir='ltr'>quo</span> <span class='ocrx_word' id='word_1_355' title='bbox 348 3731 466 3792; x_wconf 86' lang='lat' dir='ltr'>comitia</span> <span class='ocrx_word' id='word_1_356' title='bbox 489 3731 625 3806; x_wconf 87' lang='lat' dir='ltr'>habente,</span> <span class='ocrx_word' id='word_1_357' title='bbox 637 3731 758 3802; x_wconf 78' lang='lat' dir='ltr'>Ancum</span> <span class='ocrx_word' id='word_1_358' title='bbox 779 3728 925 3786; x_wconf 88' lang='lat' dir='ltr'>Marcium</span> <span class='ocrx_word' id='word_1_359' title='bbox 939 3742 1037 3800; x_wconf 87' lang='lat' dir='ltr'>regem</span> <span class='ocrx_word' id='word_1_360' title='bbox 1050 3741 1140 3800; x_wconf 88' lang='lat' dir='ltr'>popu-</span> 
     </span>
    </p>
   </div>
   <div class='ocr_carea' id='block_1_5' title="bbox 0 0 1282 4314">
    <p class='ocr_par' dir='ltr' id='par_1_12' title="bbox 0 0 1282 4314">
     <span class='ocr_line' id='line_1_43' title="bbox 0 0 1282 4314; baseline 0 0"><span class='ocrx_word' id='word_1_361' title='bbox 0 0 1282 4314; x_wconf 95' lang='lat' dir='ltr'> </span> 
     </span>
    </p>
   </div>
  </div>
 </body>
</html>
