2520 4310
107 325 168 390 m
513 323 584 375 'rm
600 322 687 376 LIVII

109 477 127 506 ‘¹
137 470 232 531 cultos
244 468 296 544 ait,
310 478 395 546 atque
408 485 509 528 conam
522 467 628 528 toneia
649 468 682 527 iu
695 483 775 546 mem
789 466 873 544 regni
887 485 935 526 mo
948 469 1060 531 renim
1075 474 1089 531 l

108 562 128 590 “
140 570 209 611 uam
223 549 247 610 si
261 561 292 608 et
304 550 337 610 iu
349 549 494 610 Romanis
507 559 619 608 tantum
633 548 773 608 momenti
786 567 850 606 esse
865 545 1033 624 credebam,
1046 562 1088 622 ut,

108 640 127 670 ‘⁶
138 649 226 707 quem
239 629 355 699 vellent,
376 629 558 706 imponerent
576 628 759 686 Macedonio
773 646 883 705 regem,
897 638 927 686 ct
940 649 1015 687 meae
1028 642 1091 690 tau·

108 715 127 744 '³
137 720 200 770 tum
221 709 298 789 apud
321 728 372 768 eos
393 709 492 787 gratias
515 707 709 779 confidebam,
738 707 808 783 quid
835 725 908 783 opus
934 709 1091 786 parricidio

107 798 128 829 ‘⁶
139 789 214 850 faitt
255 790 315 862 Aa,
330 800 362 848 ut
375 798 529 848 cruentam
543 789 668 847 fraterna
688 788 770 846 code
782 785 919 846 diadema
931 792 1088 866 gererem?
1111 795 1128 834 ⁵

108 877 128 914 ‘⁶
140 879 173 930 ut
185 870 242 930 illis
255 870 336 948 ipsis,
350 870 427 946 apud
446 887 518 946 quoa
539 877 589 927 aut
608 870 676 926 veri
689 865 831 926 autcartd
845 867 980 927 simulati
993 871 1088 946 probi-

107 959 128 988 ‘⁴
139 961 199 1010 tato
212 961 322 1028 partam
330 949 453 1028 gratim
467 949 568 1020 liabeo,
583 947 608 1006 si
621 965 708 1024 quam
722 947 794 1006 lorte
809 946 913 1020 habeo,
924 950 1088 1008 exsecrabi-

107 1029 171 1089 “lis
184 1041 215 1089 et
234 1029 343 1089 inrisus
364 1030 480 1088 essem?
502 1028 558 1087 nisi
573 1027 612 1086 Τ.
635 1027 793 1089 Quintium
814 1027 921 1103 credis,
937 1029 1022 1106 cujus
1035 1031 1090 1088 vlr-

103 1113 123 1143 “
134 1120 196 1168 tute
209 1120 239 1169 et
252 1109 389 1169 'consiliis
409 1127 456 1166 me
477 1125 557 1166 nuuc
578 1107 675 1184 arguis
696 1107 768 1184 regi,
788 1125 877 1183 mrum
908 1119 937 1166 et
957 1109 1020 1185 ipse
1040 1109 1090 1166 tali

106 1192 125 1222 “
137 1189 244 1265 pietate
264 1189 341 1247 vivat
355 1207 423 1246 cum
438 1188 535 1261 frume,
549 1186 622 1244 mihi
637 1187 772 1246 fraterne
785 1187 874 1246 credis
887 1187 974 1246 titisse
989 1199 1088 1248 aucto-
1100 1191 1129 1231 ¹⁰

107 1277 126 1305 “
135 1287 206 1328 rem.
247 1268 331 1327 Idem
345 1287 403 1328 non
418 1267 619 1326 Romanorum
630 1267 720 1325 soldm
734 1267 867 1344 gradem,
882 1269 934 1326 sed
949 1267 1088 1327 Macedo
1184 1314 1187 1317 .

106 1357 208 1406 “num
225 1347 346 1425 judicia,
360 1366 396 1406 ac
410 1365 494 1424 pene
505 1346 637 1405 omnium
655 1345 784 1406 Deorum
799 1347 1008 1422 hominumque
1021 1365 1089 1406 con·

107 1437 254 1486 “sousum
277 1427 404 1504 collegit,
429 1445 480 1504 per
503 1444 568 1504 quac
590 1426 689 1485 omnia
701 1445 733 1484 se
752 1426 824 1484 milri
837 1445 937 1504 parem
950 1428 981 1486 in
995 1439 1087 1486 certa·

106 1516 125 1545 ‘⁴
134 1508 213 1566 miae
234 1526 293 1566 nou
321 1507 449 1566 futurum
476 1505 653 1565 crediderit:
675 1505 764 1574 idem,
792 1515 940 1584 nmquam
966 1507 997 1564 iu
1022 1506 1086 1565 aliis

106 1585 272 1646 “omnibus
292 1587 380 1646 rebus
401 1585 521 1644 Inferior
541 1603 647 1653 essem,
662 1585 699 1642 cd
712 1585 838 1664 sceleris
851 1605 931 1663 spem
954 1587 1123 1645 ultimam1⁵

97 1666 301 1744 '⁰‘confugisse
321 1685 368 1725 me
382 1665 537 1725 insimulat.
579 1665 633 1724 Vis
647 1665 724 1723 hanc
738 1666 891 1724 formulam
912 1667 1088 1747 cognitionis

106 1755 126 1785 “
137 1765 213 1815 esee,
227 1756 267 1818 ut,
283 1756 346 1805 uter
359 1745 497 1814 timuerit,
518 1763 557 1804 ne
570 1744 642 1803 alter
656 1744 772 1822 dignior
784 1745 931 1804 rideretur
944 1765 1043 1824 regno,
1058 1746 1083 1803 is

105 1835 125 1865 ‘⁶
136 1827 290 1887 consilium
303 1825 484 1904 opprimendi
505 1824 599 1884 fratrIs
611 1825 724 1900 cepisse
734 1825 882 1902 judicetur
894 1828 906 1883 t

144 1986 236 2047 XIII.
258 1990 276 2020 ‘⁴
288 1985 488 2062 Exsequamur
501 1995 598 2044 tamen
613 2002 797 2061 quocumque
810 1985 898 2044 modo
910 1984 1027 2066 conficti
1040 2003 1085 2044 or·
1123 1997 1126 2002 '

107 2066 235 2124 “dinem
259 2066 398 2124 oriminis.
440 2064 575 2124 Pluribus
596 2064 690 2123 modis
713 2065 749 2122 ise
771 2065 893 2141 petitum
916 2065 1122 2124 criminatore

107 2153 191 2217 “est,
212 2154 242 2204 et
265 2163 367 2203 omnes
390 2145 562 2204 insidIarum
585 2145 647 2202 vias
670 2144 702 2202 iu
736 2163 826 2202 unum
848 2145 926 2202 diem
952 2145 1085 2204 contulit.

106 2225 224 2284 “Volui
238 2224 364 2283 interdiu
379 2243 457 2292 eum,
468 2235 532 2302 post
545 2223 753 2291 lustrationem,
767 2242 854 2298 quum
869 2209 1082 2297 concurrimus,

107 2311 165 2362 “et
186 2295 315 2380 quider'fi'
326 2302 365 2382 (si
391 2303 456 2362 Diis
489 2304 599 2383 placet)
631 2303 830 2363 lustrationum
852 2303 901 2360 die
924 2302 1083 2360 occidere:

107 2384 222 2453 “volui,
244 2402 333 2460 quum
355 2383 391 2442 ad
415 2402 531 2444 coenam
554 2383 682 2453 invitari,
704 2399 817 2441 veneno
837 2381 950 2440 scilicet
962 2382 1086 2440 tollere:

106 2464 222 2539 “volui,
247 2483 336 2540 quum
359 2465 545 2523 comissatum
566 2463 670 2541 gladiis
694 2462 820 2521 accincti
839 2480 886 2520 me
900 2461 993 2520 secuti
1006 2467 1120 2530 sunt,⁹⁵

106 2553 126 2582 “
138 2545 215 2604 serto
236 2543 408 2603 interficere.
449 2544 598 2622 Tempora
620 2543 738 2620 quidem
751 2542 848 2619 qualia
868 2542 927 2600 sint
947 2543 983 2599 ad
997 2541 1084 2617 parri-

107 2633 125 2662 “
137 2625 245 2684 cidium
260 2624 365 2693 electa,
373 2624 453 2683 vides
465 2644 473 2683 t
486 2625 575 2692 lusds,
590 2621 725 2690 convivii,
740 2621 960 2681 comissationis.
981 2620 1084 2683 Quidt

107 2705 199 2763 “dies
219 2704 335 2782 qualis!
367 2722 423 2779 quo
446 2704 581 2762 lustratus
605 2703 761 2772 exercitus,
786 2720 843 2777 quo
867 2701 942 2760 inter
962 2700 1088 2758 disisam-

108 2793 126 2825 ι·
139 2784 295 2853 victimam,
309 2784 433 2860 praelatis
451 2785 592 2852 omnium,
612 2783 662 2860 qui
683 2797 812 2858 unquam
836 2782 925 2848 suere,
946 2779 1084 2838 Macedo-

107 2876 127 2906 “
138 2863 195 2922 nie
208 2883 310 2940 regum
324 2863 411 2944 armis
425 2863 595 2942 regim-duo
609 2862 661 2921 soli
673 2873 724 2921 tua
736 2872 870 2938 tegentes
883 2860 981 2928 latera,
989 2868 1081 2936 pater,
1091 2867 1119 2908 ³⁰

107 2956 127 2984 ‘⁶
138 2944 273 3019 provecti
287 2962 396 3012 sumus,
407 2954 437 3002 et
450 2953 583 3002 secutum
597 2952 641 3001 est
655 2941 853 3000 Macedonum
867 2957 981 3017 agmen.
1015 2939 1083 2998 Hoc

107 3029 126 3059 ‘⁸
137 3039 203 3098 ego,
224 3022 312 3080 etiam
333 3023 358 3079 si
381 3023 449 3098 quid
465 3024 531 3082 ante
556 3023 736 3082 admisissem
750 3021 866 3099 piaculo
880 3021 1011 3098 dignum,
1026 3019 1084 3076 lus·

106 3110 228 3160 “tratus
248 3112 279 3159 et
301 3101 432 3177 expiatus
455 3121 548 3172 sacro,
572 3112 634 3161 tum
655 3121 744 3178 quum
767 3099 895 3159 maxime
916 3100 946 3157 in
961 3099 1084 3156 hostiam

106 3189 126 3219 '‘
136 3180 234 3242 itiueri
247 3191 344 3239 nostro
365 3181 575 3241 cirdumdatam
599 3171 727 3255 intuens,
741 3179 936 3258 parricidium,
960 3178 1084 3249 venena,
1147 3187 1172 3193 ”

106 3269 125 3299 “
134 3261 255 3343 gladios,
277 3260 309 3319 in
332 3259 565 3320 comissationem
588 3269 771 3337 propinatos,
794 3257 954 3320 volutabam
977 3257 1009 3314 iu
1023 3257 1121 3315 aui-³⁵

106 3356 126 3384 ‘¹
137 3361 204 3403 mo:
225 3352 258 3401 ut
270 3340 374 3418 quibus
388 3339 452 3398 aliis
465 3341 572 3399 deiude
586 3341 676 3398 sacris
689 3340 914 3399 contaminatam
927 3336 1009 3396 omni
1022 3354 1085 3396 sce·

106 3432 125 3459 “
135 3424 195 3483 lere
209 3433 337 3482 mentem
351 3420 520 3498 expiarem‘t
562 3421 626 3479 Sed
643 3439 740 3478 caecus
752 3418 927 3479 criminandi
942 3415 1084 3493 cupidita-

106 3515 167 3564 “te
191 3504 315 3577 munus,
336 3502 407 3561 dum
429 3500 528 3560 omnia
545 3511 680 3578 suspecto
702 3499 819 3558 efficere
842 3499 913 3571 vult,
927 3496 1006 3555 aliud
1027 3495 1083 3554 ulio
1143 3565 1146 3570 Ι
1247 3525 1248 3546 r

106 3590 126 3620 ‘⁸
137 3583 303 3643 confundit:
325 3601 402 3655 nam,
427 3581 451 3640 si
472 3599 584 3640 veneno
606 3591 635 3638 te
658 3581 737 3639 inter
752 3597 868 3638 coeuam
881 3577 982 3636 tollere
995 3575 1084 3648 volui,

107 3677 125 3702 “
135 3663 205 3740 quid
218 3660 316 3720 minus
334 3673 434 3739 aptum
447 3661 510 3731 suit,
532 3661 617 3737 quim
641 3660 782 3736 pertinaci
796 3658 957 3717 conamine
971 3667 1001 3714 et
1014 3665 1119 3714 con-⁴⁰
1216 3689 1218 3694 ·

107 3753 126 3780 ‘⁶
138 3759 226 3798 cursu
239 3741 344 3800 iramm
365 3751 394 3798 ts
416 3740 542 3815 efficere,
556 3749 588 3796 ut
600 3739 703 3798 merito
718 3737 809 3817 (sicut
822 3736 1084 3817 fecisti)'invitatus

106 3819 180 3878 “ad„
201 3835 316 3876 coeuam
343 3819 511 3878 abnueresl
561 3816 664 3880 Quum
691 3830 788 3877 autem
818 3817 910 3876 iratus
936 3817 1085 3893 negasses,
