2556 4314
491 311 598 364 LIBER
614 311 663 366 ΙΙΙ.
681 324 742 363 cae.
760 325 786 360 n.
1085 308 1127 366 95
1196 325 1202 336 ¹

154 454 216 532 ejus
229 453 446 514 multitudinem
461 455 579 514 sedavit.
592 447 597 456 ’
622 455 746 513 Senatus
764 472 821 512 nec
834 445 948 530 pleben't
957 450 1126 511 irritandam

154 535 288 605 censuit3
310 544 340 593 et
353 534 443 592 multo
467 535 559 611 magis
572 535 791 610 providendum,
804 552 841 592 ne
855 533 923 609 quid
942 531 1066 609 virginii
1079 529 1128 588 ad·
1197 564 1202 571 ·

101 671 103 676 .
155 625 259 686 vernus
272 615 304 672 in
319 614 449 673 exercitu
462 615 555 672 motus
569 613 686 673 faceret.
1062 633 1066 642 ·

197 772 232 830 L.
254 772 361 848 Itaque·
376 773 455 830 missi
473 771 603 849 juniores
623 772 742 829 Patrum
765 769 796 828 in
820 781 924 845 castra,
948 788 1011 847 quae
1024 771 1131 830 tumin

132 861 257 912 amonte
271 852 383 910 Vecilio
397 862 487 924 erant,
508 850 643 908 nuntiant
664 849 846 924 decemviris,
870 861 903 908 nt
924 850 1004 908 omni
1025 869 1080 926 ope
1094 849 1131 907 ab

154 931 299 989 seditione
313 931 417 988 milites
441 930 609 988 contineant
621 949 628 985 z
640 929 700 986 ubi
715 927 868 1004 Virginius
880 930 1028 1005 majorem,
1043 927 1130 1003 qudm

153 1007 309 1083 reliquerat
321 1010 352 1066 in
367 1010 454 1082 Urbe,
467 1018 576 1066 motum
590 1007 704 1077 excivit.
746 1007 777 1064 N
779 1021 835 1080 ant,
848 1018 1039 1083 preterquam
1053 1006 1131 1082 qudd

155 1088 270 1163 agmine
290 1087 378 1164 prope
402 1088 678 1163 quadringentorum
696 1086 849 1144 hominurn
871 1087 1000 1154 veniens,
1022 1087 1072 1161 qui
1093 1086 1131 1144 ab

155 1165 233 1224 Urbe
255 1167 427 1244 indignitate
450 1167 492 1223 rei
516 1166 634 1223 accensi
658 1165 778 1224 comites
802 1165 829 1222 ei
851 1184 882 1223 se
896 1165 1046 1238 dederant,
1060 1181 1130 1224 con·

120 1259 147 1300 10
156 1256 270 1322 spectus
283 1256 327 1304 est
335 1265 344 1316 3
365 1246 496 1304 strictum
509 1245 596 1303 etiam
610 1245 709 1319 telum,
723 1247 926 1321 respersusque
939 1244 1000 1322 ipse
1015 1239 1128 1312 cruore,

156 1335 216 1384 tota
237 1325 268 1382 in
290 1344 320 1382 se
334 1336 429 1383 castra
450 1325 611 1382 convertit:
632 1332 662 1382 et
684 1335 769 1400 togae,
784 1324 968 1383 multifariam
982 1324 1012 1382 in
1027 1323 1130 1382 caenis

156 1403 234 1472 visae,
245 1405 360 1481 majoris
374 1404 530 1478 aliquanto,
544 1402 631 1478 quim
644 1413 715 1476 erat,
729 1401 856 1478 speciem
870 1404 987 1461 urbanae
1001 1402 1130 1462 multitu·

156 1482 234 1542 dinis
245 1483 384 1540 fecerant.
404 1482 623 1554 Quaerentibus,
633 1483 702 1556 quid
714 1481 756 1538 rei
769 1492 854 1551 esset,
868 1482 942 1540 flens
962 1483 1013 1540 diu
1026 1499 1129 1540 vocem

154 1580 217 1620 non
236 1562 334 1619 misit:
354 1562 482 1629 tandem,
497 1571 529 1617 ut
547 1561 607 1636 jam
630 1579 668 1617 ex
692 1560 881 1635 trepidatione
895 1560 1130 1619 concurrentium

118 1640 244 1698 returba
267 1641 406 1712 constitit,
421 1659 455 1697 ac
479 1639 624 1696 silentittln
647 1639 711 1711 fuit,
734 1638 844 1697 ordine·
857 1650 976 1707 cuncta,
1000 1649 1032 1696 ut
1052 1648 1134 1714 gesta

154 1728 251 1792 erant,
266 1720 406 1794 exposuit.
435 1719 559 1793 Supinas
573 1718 679 1775 deinde
692 1718 816 1776 tendens
836 1737 949 1791 manus,
963 1716 1132 1776 commilito·

159 1815 213 1856 nes
236 1798 394 1874 appellens,
414 1797 523 1865 orabat,
549 1801 567 1829 “
578 1796 609 1854 N
610 1816 636 1865 e,
646 1797 721 1872 quod
735 1797 830 1854 scelus
843 1797 901 1873 Ap.
916 1796 1033 1855 Claudii
1046 1806 1132 1869 esset,

157 1876 241 1934 “sibi
266 1876 472 1945 attribuerent3
494 1894 553 1933 neu
576 1895 618 1948 se,
640 1885 672 1933 ut
684 1875 857 1952 parricidam
875 1876 1007 1948 liberum,
1021 1893 1132 1936 aversa

158 1964 179 1992 “
190 1965 300 2012 rentur.
341 1955 403 2017 Sibi
418 1955 504 2012 vitam
529 1954 594 2016 filie
610 1955 664 2012 sud
678 1955 817 2014 cariorem
832 1955 931 2024 titisse,
947 1957 970 2013 si
984 1955 1082 2014 libere
1095 1970 1131 2014 ac

119 2035 146 2075 ‘¹³⁰
158 2033 307 2110 “pudicae
330 2034 423 2091 rivere
445 2034 557 2091 licitum
580 2033 689 2092 suisset.
730 2033 843 2102 Quum,
859 2035 937 2093 velut
958 2053 1079 2108 serrem,
1093 2033 1130 2092 ad

158 2117 321 2188 “stuprum
345 2113 404 2189 rapi
426 2113 544 2186 videret,
568 2124 659 2171 morte
683 2113 775 2171 amitti
799 2114 903 2173 melius
925 2111 1029 2188 ntum,
1043 2113 1129 2188 quim

158 2195 177 2224 “
189 2192 374 2274 contumeliai,
386 2192 502 2260 liberae,
513 2188 710 2250 misericordie
721 2211 752 2250 se
766 2193 796 2250 in
810 2194 937 2270 speciem
952 2191 1131 2254 crudelitatis

158 2274 178 2302 “
189 2270 307 2346 lapsum.
359 2271 425 2328 Nec
449 2291 480 2328 se
504 2272 686 2347 superstitem
707 2271 774 2330 filie
797 2272 926 2331 futurum
950 2272 1049 2346 fuisse,
1073 2269 1130 2330 nisi

158 2358 270 2425 “spem
293 2350 468 2408 ulciscendae
482 2350 581 2409 mortis
591 2351 653 2426 ejus
667 2351 697 2408 in
719 2350 824 2408 auxilio
838 2351 1068 2410 commilitonum
1081 2351 1132 2408 ba-

120 2431 146 2471 ffi
159 2429 307 2486 “buisset.
359 2429 425 2487 Illis·
443 2447 554 2503 quoque
578 2429 657 2485 enim
681 2428 765 2500 filias,
789 2448 909 2505 sorores,
933 2430 1130 2505 conjugesque

158 2516 178 2544 ‘⁴
190 2526 262 2572 esse.
302 2507 351 2565 Ne
365 2527 433 2565 curn
447 2507 508 2563 filie
522 2506 575 2562 suit
587 2506 738 2563 libidinem
752 2507 808 2580 Ap.
823 2499 940 2564 claudii
960 2507 1132 2564 exstinctam

158 2596 178 2624 “
189 2605 271 2657 esse·;
293 2588 354 2654 sed,
365 2585 426 2660 qud
439 2584 605 2660 impunitior
620 2584 666 2652 sit,
680 2581 717 2640 eb
731 2584 942 2643 effrenatiorem
956 2584 1025 2642 iore.
1071 2582 1133 2641 Ali·
1212 2649 1216 2658 ν

157 2667 246 2722 “end
266 2665 431 2723 calamitate
445 2665 651 2722 documentum
675 2663 774 2721 datum
797 2662 854 2720 illis
877 2662 1015 2721 cavendae
1029 2661 1135 2720 similis

158 2747 177 2776 ‘⁴
189 2742 310 2820 injn'riae.
350 2743 440 2806 Quod
463 2744 500 2800 ad
523 2761 553 2800 se
568 2741 834 2815 attineat,·uxorem·
843 2742 898 2800 sibi
912 2742 970 2800 sato
983 2751 1130 2819 ereptam:

120 2826 146 2866 ³⁰
159 2831 179 2860 “
190 2823 289 2897 filiam,
303 2824 369 2899 quia
388 2843 448 2882 non
473 2823 547 2880 ultrei
558 2821 675 2897 ,pudica
688 2821 798 2880 victura
812 2820 906 2896 fuerit,
921 2822 1064 2896 miseram,
1079 2821 1131 2880 sed

156 2903 348 2975 “honestam,
362 2912 482 2960 mortem
505 2901 700 2959 occubuisse·
726 2900 795 2959 Non
810 2919 873 2959 esse
891 2902 950 2979 jam
966 2902 1054 2979 Appii
1067 2902 1131 2962 libi-

49 3028 51 3032 .
134 3037 136 3041 ,
158 2991 178 3017 “
191 2980 255 3047 dini
268 2981 365 3038 locum
388 2981 418 3038 in
442 2982 526 3040 domo
540 2982 610 3038 sual:
632 2980 668 3038 ab
690 2980 745 3038 alis
758 2981 893 3040 violentie
906 2981 969 3058 ejus
983 2983 1086 3041 eodem
1099 3000 1131 3042 se

157 3063 177 3092 “
190 3058 290 3116 animo
314 3078 395 3118 suurn
420 3079 521 3140 corpus
544 3059 766 3128 vindicaturum,
784 3079 841 3135 quo
854 3061 1043 3122 vindicaverit
1055 3061 1130 3122 filie.

158 3146 179 3175 “
192 3137 299 3196 Caeteri
312 3139 365 3196 sibi
387 3159 422 3198 ac
445 3140 543 3197 liberis
564 3139 624 3196 suis
648 3135 862 3198 consulerent.”
904 3141 978 3200 Haec
996 3141 1131 3220 virginio

121 3217 326 3277 atrociseranti
348 3220 545 3298 succlamabat
578 3217 740 3288 multitudo,
763 3237 820 3278 nec
846 3219 923 3278 illius
946 3221 1046 3292 dolori,
1074 3240 1131 3282 neo

157 3315 218 3355 snae
239 3297 364 3356 libertati
386 3317 416 3355 se
438 3299 602 3370 defuturos..
635 3297 674 3356 Et
697 3298 820 3356 immixti
842 3299 934 3358 turbae
954 3301 1078 3361 militum
1091 3311 1132 3370 to,-

157 3377 227 3453 gati,
242 3397 332 3452 quum
355 3378 458 3433 eadem
479 3375 528 3433 illa
540 3377 696 3451 querendo,
711 3377 908 3455 docendoque,
931 3381 1037 3456 quantb
1061 3381 1153 3447 visa„

157 3455 369 3531 quimandin,
392 3454 556 3530 indigniora
575 3455 720 3532 potuerint
738 3455 838 3531 videri,
853 3458 937 3518 simul
951 3459 1131 3536 profligatam

154 3535 217 3612 jam
241 3553 303 3591 rem
324 3533 484 3591 nuntiando
507 3535 610 3592 Romae
630 3554 710 3604 esse;
732 3535 923 3611 insecutique,
937 3539 985 3611 qui
1004 3533 1132 3606 Appium

122 3635 147 3676 eu
157 3613 246 3691 prope
260 3613 464 3688 interemptum
479 3613 509 3670 in
522 3614 654 3673 exsilium
668 3613 762 3671 abisse
783 3615 923 3686 dicerent,
937 3610 1132 3687 perpulerunt,

159 3694 241 3752 utad
256 3712 337 3751 arma
361 3692 599 3761 conclamaretur,
624 3693 819 3765 vellerentque
843 3692 938 3766 signa,
960 3696 989 3744 et
1007 3683 1133 3743 ROmam

158 3773 418 3850 proficiscerentur.
460 3771 636 3841 Decemviri,
652 3771 737 3835 sind
752 3771 798 3828 his
810 3786 874 3840 que
887 3762 1033 3828 videbant,
1048 3760 1132 3822 Simul
