2520 4310
518 308 623 386 LIBER
639 307 694 358 XL.
719 321 782 358 cnr.
808 322 833 356 x.
1109 309 1170 370 269

189 463 210 494 ⁸⁸
223 470 271 512 me
295 471 330 512 ac
354 469 435 512 meos
458 452 536 512 vinci
558 469 659 530 passus
673 465 747 511 sum.
789 452 840 510 Ab
852 451 948 510 hostib
965 453 1076 528 proelio,
1098 463 1170 512 tam-

190 538 308 609 “quam
332 533 457 592 fraterno
484 533 559 606 lustr,
583 534 749 610 pertrahere
770 549 819 590 me
842 533 879 590 ad
900 545 1017 591 coenam
1043 533 1168 592 voluisti.

191 623 211 650 “
221 613 336 687 Credis,
351 633 407 688 me,
421 623 513 691 pater,
527 614 603 672 inter
616 613 742 671 inermes
753 611 887 672 convivas
901 621 1083 670 coenaturum
1097 612 1165 671 fuis·

191 702 210 730 “
222 711 272 768 se,
291 694 327 751 ad
348 711 434 770 quem
459 694 561 752 armati
580 693 767 752 comissatum
791 695 955 750 veneranti
977 692 1073 750 credis
1093 691 1165 750 nihil

166 782 239 830 s‘ta
261 773 366 850 gladiis
387 784 476 832 nocte
493 773 656 850 periculum
681 772 780 840 fuisse,
805 789 891 848 quern
916 770 1047 846 sudibus,
1069 782 1098 830 te
1122 773 1166 830 in·
1245 805 1246 812 κ

188 861 208 896 t‘
217 862 378 929 spectante,
399 853 487 930 prope
500 853 694 912 occiderunt?
734 851 817 914 Quid
841 853 897 910 hoc
911 852 1015 925 noctis,
1029 853 1098 928 quid
1114 851 1167 910 ini·
1245 895 1246 900 κ

188 933 312 990 “micus
325 934 361 990 ad
383 933 498 1001 iratum,
512 933 581 1008 quid
595 951 663 991 cum
685 931 760 990 ferro
773 931 933 990 succinctis
951 932 1106 1008 juvenibus
1120 951 1167 990 ve·

188 1013 283 1070 “'nis‘t
324 1013 483 1070 Convivam
503 1029 551 1070 me
571 1013 624 1070 tibi
638 1012 819 1072 committere
841 1030 928 1069 ausus
941 1029 1000 1070 non
1014 1029 1097 1083 sum;
1119 1029 1167 1071 co-

188 1099 208 1128 ⁶‘
216 1092 395 1150 missatorem
409 1101 439 1149 te
452 1109 519 1150 cum
534 1091 651 1152 armatis
675 1092 840 1149 venientem
853 1091 1015 1168 recipiam?
1037 1091 1069 1149 Si
1084 1111 1165 1168 aper-

153 1178 207 1228 to‘t
216 1181 245 1228 ta
266 1171 356 1248 janua
375 1170 587 1240 fuisset‚'funus
601 1189 698 1228 meum
721 1188 838 1248 parares
853 1172 908 1228 hoc
922 1181 1061 1247 tempore,
1075 1182 1166 1248 pater,

187 1259 276 1326 “quo
303 1261 471 1325 querentem
498 1252 590 1311 audis.
639 1251 721 1310 Nihil
746 1269 811 1328 ego,
834 1260 981 1326 tamquam
1004 1261 1166 1319 accusator,

188 1329 375 1387 “criminose
390 1349 447 1387 nec
471 1330 560 1387 dubia
581 1330 758 1405 argumentis
782 1329 946 1420 colligendo
971 1349 1033 1406 ago.
1082 1331 1166 1393 Quid

188 1412 207 1440 “
219 1403 319 1466 'enimi
340 1421 429 1484 negat
452 1427 483 1466 se
505 1427 572 1466 cum
597 1408 782 1466 multitudine
796 1414 909 1466 venisse
926 1410 962 1466 ad
974 1409 1094 1486 januam
1108 1430 1167 1468 me·

188 1490 288 1546 “arni
310 1505 347 1545 an
369 1488 444 1546 ferro
466 1488 632 1547 succinctos
654 1505 754 1546 secum
778 1487 890 1545 fuisset
931 1487 1018 1551 Quos
1036 1491 1167 1549 uomina·

154 1571 296 1637 15“ver0‚
312 1585 446 1626 arcesse:
467 1579 588 1644 possunt
606 1567 723 1643 quidem
738 1568 838 1626 omnia
852 1567 969 1642 audere,
983 1569 1033 1644 qni
1046 1571 1102 1628 hoc
1116 1589 1166 1628 au-

187 1648 243 1706 “si
265 1657 356 1717 sunt:
378 1667 437 1704 non
458 1658 557 1706 tamen
584 1647 732 1705 audebunt
755 1665 872 1724 negare,
915 1647 946 1704 Si
971 1648 1165 1727 deprehensos

187 1736 207 1763 “
219 1727 294 1785 intra
307 1727 397 1785 limen
421 1741 519 1786 meum
540 1745 608 1786 cam
623 1727 697 1786 ferro
711 1728 747 1784 ad
768 1737 797 1785 te
811 1727 996 1800 deducerem,
1010 1747 1063 1816 pro
1075 1729 1166 1787 mani-

186 1810 205 1838 “
218 1806 291 1866 testo
305 1807 446 1865 haberes:
467 1808 591 1867 fatentes
604 1825 655 1884 pro
669 1807 856 1884 deprehensis
869 1807 1005 1916 habe><

124 1929 158 2034 >ir
226 1958 272 2025 X,
288 1971 306 2000 “
318 1966 478 2026 Exsecrare
492 1985 572 2026 nunc
590 1966 778 2043 cupiditatem
792 1965 884 2042 regni,
905 1975 935 2024 et
949 1965 1053 2025 Parias
1066 1967 1165 2025 frater·

148 2062 175 2104 ao
188 2053 208 2082 “
218 2063 272 2104 uas
286 2047 422 2105 concita:
443 2048 505 2121 sed,
519 2065 557 2106 ne
581 2047 640 2105 sint
653 2065 749 2120 cece,
764 2055 856 2123 pater,
869 2046 1083 2108 exsecrationes
1096 2057 1162 2120 tuae,

186 2125 346 2202 “discerne
367 2136 397 2184 et
410 2127 520 2206 dispice
535 2127 730 2185 insidiatorem
745 2136 774 2184 et
794 2126 915 2202 petitum
928 2126 1060 2184 insidiis:
1083 2128 1165 2185 noxi·

97 2263 103 2272 ,
186 2209 204 2237 “
216 2223 264 2263 um
281 2203 365 2284 [huic
379 2201 456 2287 esse]
468 2195 568 2284 caput.
609 2206 672 2268 Qui
686 2206 836 2264 occisurus
850 2205 965 2264 fratrem
980 2207 1043 2276 fuit,
1058 2207 1164 2264 babeat

185 2285 300 2342 “etiam
314 2286 401 2346 iratos
422 2296 557 2363 paternos
571 2285 665 2344 Deos:
686 2286 736 2362 qui
749 2287 893 2362 periturus
912 2285 1042 2354 fraterno
1051 2286 1162 2345 scelere

142 2384 144 2388 ¹
185 2361 276 2434 “fuit,
300 2364 463 2440 perfugium
487 2366 518 2422 in
535 2366 625 2440 patris
645 2365 844 2422 misericordia
864 2375 894 2422 et
915 2365 1027 2440 justitia
1047 2367 1160 2424 habeat.

146 2461 174 2502 aa
186 2450 205 2480 ‘⁶
215 2439 288 2503 Quo
302 2441 381 2499 enim
403 2441 461 2500 atio
483 2443 660 2518 confugiam,
674 2443 723 2500 cui
744 2461 802 2502 non
817 2444 936 2500 solenne
950 2445 1068 2501 lustrale
1081 2463 1161 2502 exer·

185 2531 206 2558 “
216 2520 292 2579 cittis
305 2521 358 2595 tui,
379 2539 438 2580 non
462 2523 602 2580 decursus
626 2521 759 2593 militum,
783 2539 843 2580 non
856 2521 969 2590 domus,
983 2541 1042 2581 non
1056 2524 1160 2600 epulae,

184 2604 273 2659 “non
298 2619 364 2670 nox,
389 2601 426 2658 ad
447 2602 573 2677 quietern
598 2600 665 2658 data
685 2613 795 2658 natura
816 2601 959 2658 beneficio
983 2603 1159 2675 mortalibus,
1215 2675 1216 2679 Ἰ

185 2683 357 2740 “tutaestf
400 2681 432 2738 Si
453 2682 513 2740 iero
537 2681 572 2738 ad
595 2680 710 2738 fratrem
733 2679 877 2752 inritatus,
900 2681 1082 2740 moriendum
1099 2694 1159 2741 est:

184 2760 239 2818 “si
253 2779 390 2838 recepero
403 2761 484 2819 intre'
499 2761 618 2837 januam
640 2760 825 2818 comissatum
838 2760 964 2833 fratrem,
979 2761 1160 2822 moriendum

146 2843 273 2900 ao“estt
295 2859 351 2899 nec
376 2839 482 2909 eundo,
497 2859 553 2900 nec
577 2841 723 2898 manendo
749 2840 870 2898 insidias
892 2841 976 2899 evito.
1017 2841 1088 2903 Quo
1112 2863 1159 2902 me

135 2919 137 2923 ’
183 2919 381 2978 “conferamt
423 2920 517 2989 Nihil,
536 2932 638 2997 praeter
657 2919 744 2991 Deos,
768 2931 860 2996 pater,
882 2931 911 2979 et
924 2930 962 2995 te,
984 2921 1077 2982 colui:
1099 2943 1158 2982 non

185 2999 365 3058 “Romanos
386 2999 489 3069 habeo,
504 3001 541 3059 ad
561 3019 634 3076 quos
656 2999 845 3076 confugiam:
876 3000 985 3078 perisse
1008 3015 1157 3080 ¹appetunt,
1186 3031 1188 3036 v

184 3088 204 3116 “
215 3080 283 3155 quia
296 3080 354 3138 tuis
375 3080 488 3156 injuriis
512 3080 606 3149 doleo,
620 3081 687 3156 qnia
710 3080 859 3156 ademptas
872 3090 913 3140 tot
926 3083 1025 3156 urbes,
1036 3082 1077 3142 tot
1090 3103 1160 3161 gen·

184 3168 265 3233 “tes,
280 3159 366 3220 modii
387 3160 525 3219 Thraciae
548 3161 722 3219 maritimam
742 3179 831 3230 oram,
846 3161 989 3240 indignor.
1031 3163 1097 3220 Nec
1112 3183 1159 3220 me

79 3252 81 3257 “
145 3259 172 3300 as
183 3248 203 3277 “
214 3256 271 3297 nec
285 3249 313 3297 te
327 3240 477 3314 incolumi,
499 3240 703 3299 Macedoniarn
726 3259 807 3298 suam
823 3241 947 3300 futuram
961 3253 1084 3318 sperant.
1127 3241 1158 3299 Si

184 3327 203 3356 ‘⁴
215 3333 262 3374 me
276 3317 371 3374 scelus
385 3319 489 3388 fratris,
503 3331 533 3378 te
546 3331 692 3388 senectus,
716 3321 917 3396 absumpserit,
932 3331 981 3378 aut
999 3337 1036 3377 ne
1050 3337 1085 3376 ea
1098 3321 1159 3396 qui·

184 3407 203 3436 ‘⁶
214 3396 282 3454 dem
305 3407 471 3473 exspectata
490 3398 584 3470 fuerit,
597 3417 696 3476 regem
710 3419 889 3477 regnumque
910 3397 1092 3456 Macedonia
1107 3419 1159 3457 sua

182 3481 202 3510 ‘⁴
211 3477 308 3536 flatura
321 3476 425 3535 sciunt.
468 3477 500 3535 Si
513 3478 582 3554 quid
593 3490 673 3536 extra
687 3477 890 3538 Macedoniam
905 3477 958 3535 tibi
971 3477 1100 3537 Romani
1114 3499 1158 3536 re·

180 3556 370 3632 “liquissent
395 3557 467 3615 mihi
487 3575 599 3634 quoque
621 3558 650 3616 id
664 3558 796 3617 relictum
819 3556 969 3616 crederem
989 3570 1157 3634 receptacu-

146 3633 280 3698 u“lum.
323 3636 385 3694 ‘At
408 3636 438 3695 in
460 3635 672 3696 Macedonibus
696 3640 764 3704 satis
787 3635 913 3713 presidii
936 3638 998 3696 est!
1049 3639 1154 3696 Vidisti

184 3727 203 3756 ‘⁴
212 3717 347 3776 hesterno
367 3716 415 3775 die
436 3717 576 3795 impetum
599 3718 630 3776 in
654 3737 700 3776 me
715 3717 846 3776 militum.
887 3716 970 3789 Quid
984 3716 1039 3776 illis
1053 3718 1155 3786 defuit,

183 3795 270 3856 “nisi
284 3795 414 3856 ferrum?
454 3797 545 3860 Quod
568 3797 739 3936 igisdefun
760 3796 896 3872 interdiu,
921 3798 1048 3857 convirae
1063 3798 1157 3859 fratris
