2520 4310
60 324 168 401 '234
306 409 309 416 ¹
510 319 683 396 rir1uv1'1
757 385 764 402 .

109 496 188 544 verat
208 496 237 543 et
250 497 350 562 pactas
359 485 507 555 inducias,
529 498 558 546 et
571 507 652 564 spem
665 488 824 558 foederum
846 499 955 563 tamen,
969 489 993 549 si
1013 490 1086 552 inte·

107 583 169 641 ger,
190 564 276 641 quim
297 565 321 624 si
336 566 438 635 victus,
453 577 563 642 peteret
575 586 688 643 pacem,
703 567 989 644 equiora‘impetrari
1002 589 1084 646 posse

107 655 196 712 ratus,
210 645 345 703 nuntium
365 646 403 704 ad
428 646 595 723 Scipionem
618 647 706 722 misit,
730 657 763 704 ut
783 647 967 723 colloquendi
986 667 1085 710 secum

105 734 276 800 potestatem
298 725 414 783 iaceret.
456 723 491 783 Id
504 723 598 784 utrum
612 726 666 784 suit
686 735 787 803 sponte
801 726 913 800 iecerit,
934 747 973 786 an
993 728 1085 804 publi·

107 820 143 860 co
157 804 287 872 consilio,
309 815 444 862 neutrum
468 824 520 863 cur
545 806 693 878 affirmem,
708 806 810 864 habeo.
851 805 987 865 Valerius
1001 808 1085 866 Anti·
1105 825 1119 864 o

107 900 148 950 as,
173 883 265 960 primo
287 883 389 960 proelio
412 884 521 943 victum
547 903 615 942 eurn
636 884 825 961 aScipione,
846 904 905 961 quo
928 886 1085 944 duodecim

41 983 53 1006 κ
106 962 196 1020 millia
218 974 392 1022 armatorum
413 963 448 1020 in
467 964 531 1022 acie
555 974 623 1021 sunt
645 982 730 1032 caesa,
758 963 836 1022 mille
857 975 887 1023 et
908 966 1084 1043 septingenti

105 1042 191 1117 capti,
220 1042 347 1118 legatum
371 1060 438 1101 curn
460 1043 523 1100 aliis
536 1043 639 1101 decem
655 1043 763 1120 'legatis
776 1043 863 1101 tradit
876 1045 906 1101 in
927 1055 1023 1102 castra
1046 1045 1083 1102 ad

106 1121 273 1196 Scipionem
301 1123 436 1179 venisse·
478 1120 638 1180 Caeterdm·
659 1122 757 1198 Scipio
786 1142 874 1197 quum
906 1124 1081 1198 colloquium
1142 1141 1143 1144 ’

104 1199 182 1256 haud
207 1200 365 1274 abnuisset,
389 1200 473 1258 ambo
487 1220 531 1258 ex
552 1201 710 1277 composito
730 1201 823 1260 duces
846 1211 938 1260 castra
958 1202 1117 1279 protulero

10 1339 19 1355 ι
103 1289 181 1348 runt,
204 1290 236 1337 ut
256 1279 334 1338 coire
354 1299 391 1337 ex
414 1280 574 1356 propinquo
591 1290 717 1356 possent.
742 1280 859 1356 Scipio
882 1281 960 1357 haud
980 1281 1081 1357 procul

103 1357 276 1436 Naraggard
296 1359 377 1427 urbe,
399 1369 461 1417 tum
475 1359 512 1416 ad
526 1369 632 1416 oaetera
645 1358 717 1418 -loco
737 1370 908 1436 opportuno,
930 1370 993 1418 turn
1006 1359 1082 1435 quod
1101 1387 1102 1392 ¹

103 1439 218 1513 aquatio
242 1439 316 1510 intra
340 1437 390 1496 teli
413 1438 580 1514 conjectum
600 1449 669 1509 erat,
692 1439 833 1496 consedit
876 1439 1026 1497 Hannibal
1039 1450 1083 1497 tu·

102 1517 214 1576 mulum
237 1517 528 1593 aquatum-millibus
542 1517 621 1596 inde,
642 1527 736 1575 tutum
757 1519 999 1593 commodumque
1014 1519 1082 1577 alio-
1145 1531 1147 1536 '

103 1597 182 1672 quin,
199 1596 255 1654 uisi
269 1595 344 1672 qudd
358 1597 522 1674 longinque
538 1597 697 1672 aquationis
716 1608 787 1671 erat,
802 1597 888 1673 cepit.
918 1597 964 1654 Ibi
978 1597 1008 1655 in
1022 1617 1082 1656 me·
1092 1617 1116 1656 15
1182 1611 1187 1618 ·

103 1675 151 1734 dio
166 1676 247 1736 locos
260 1688 436 1754 conspectus
457 1677 598 1752 undique,
608 1696 653 1750 ,ne
664 1676 733 1752 quid
749 1676 920 1735 insidiarum
934 1687 1018 1758 esset,
1032 1677 1082 1735 de·

102 1755 202 1815 lectus.
344 1782 365 1800 ··
562 1793 564 1798 ·
869 1773 874 1784 '

141 1915 243 1973 XXX.
267 1915 414 1976 Submotis
433 1914 495 1998 pari
520 1915 611 1992 spatio
638 1915 764 1989 armatis,
794 1933 863 1974 curn
893 1913 1014 1992 singulis
1036 1914 1080 1972 in-

101 1996 274 2070 terpretibus
294 1994 442 2073 congressi
468 2001 544 2069 sunt,
571 2014 630 2053 non
653 2013 713 2053 suae
734 1994 821 2053 modd
850 1995 941 2052 etatis
960 1993 1078 2052 maximi

101 2073 201 2141 duces,
226 2075 278 2132 sed
292 2075 387 2134 omnis
400 2084 469 2132 ante
481 2094 512 2132 se
537 2067 694 2142 memo‘riae,
707 2075 838 2138 omnium
853 2074 984 2152 gentium
998 2072 1079 2130 cuili-
1089 2093 1115 2133 eo

101 2153 149 2211 bct
163 2172 264 2230 regunt
284 2154 525 2230 imperatorumve
549 2172 642 2230 pares.
684 2153 842 2229 Paulisper,
868 2154 940 2210 alter
962 2151 1080 2210 alterius

101 2236 270 2310 conspectu,
299 2233 487 2292 admiratione
512 2233 613 2291 mutuis
635 2231 724 2310 prope
747 2231 868 2305 attoniti,
896 2232 1079 2297 conticuere.

100 2311 181 2370 Turn
196 2313 344 2370 Hannibal
366 2313 461 2390 prior,
477 2321 495 2348 ‘⁴
506 2312 538 2370 Si
548 2312 616 2372 ·hoc
640 2313 680 2370 itu
704 2310 761 2368 fato
774 2311 872 2369 datum
885 2319 957 2382 erat,
971 2318 1014 2382 ut,
1028 2308 1080 2383 qui

101 2395 121 2424 “
132 2389 242 2469 primus
253 2392 363 2456 bellum
387 2392 472 2450 intuli
492 2391 598 2468 populo
612 2392 759 2459 Romano,
772 2389 877 2467 quique
890 2389 976 2456 toties
989 2385 1080 2464 prope

101 2476 120 2504 “
132 2472 163 2529 in
184 2473 319 2530 manibus
338 2471 610 2544 victorianum,
634 2471 660 2528 is
682 2470 758 2528 ultro
788 2469 825 2527 ad
854 2487 959 2544 pacem
981 2476 1116 2544 petemus
1138 2479 1147 2488 “

2 2590 4 2596 ι
102 2553 199 2610 “dam
214 2553 362 2623 venirem3
383 2552 464 2611 laetor·
486 2561 515 2609 te
537 2550 608 2626 mihi
632 2560 706 2608 sorte
730 2547 911 2624 potissimdm
932 2547 1081 2620 datum,a
1167 2556 1171 2566 ’

2 2630 6 2646 “
102 2637 189 2708 “quo
203 2644 338 2709 peterem.
380 2631 450 2689 Tibi
471 2632 582 2706 quoque
597 2629 671 2686 inter
686 2627 909 2704 multaegregia
922 2645 980 2684 non
995 2627 1024 2682 in
1038 2619 1080 2682 ul·
1127 2649 1130 2656 ·

103 2713 212 2770 “timis
225 2713 345 2770 laudum
358 2712 414 2769 hoc
429 2710 524 2785 fuerit,
540 2708 746 2780 Hannibalern,
760 2707 810 2764 cui
823 2716 865 2764 tot
886 2705 923 2762 de
937 2703 1080 2763 Romanis

103 2791 259 2848 “ducibus
273 2791 422 2848 victoriam
445 2790 495 2848 Dii
509 2788 666 2856 dedissent,
681 2787 734 2845 tibi
748 2786 871 2859 cessisse
883 2804 891 2855 ;
912 2795 996 2859 teque
1010 2783 1079 2840 huic

103 2874 121 2900 “
132 2869 217 2936 bello,
242 2871 341 2927 vestris
359 2867 436 2944 priris
456 2869 543 2944 quiam
564 2867 670 2926 nostris
691 2865 824 2923 cladibus
849 2863 965 2940 insigni,
990 2861 1118 2919 finem³⁰

103 2949 312 3024 “imposuisse
355 2948 421 3007 Hoc
435 2967 547 3025 quoquc
568 2946 724 3005 ludibrium
746 2945 830 3002 casbs
843 2942 966 3002 ediderit
978 2940 1081 3000 Fortu-

102 3032 121 3059 “
133 3047 181 3101 na,
196 3037 237 3095 ut,
252 3046 340 3102 quum
354 3040 434 3105 patre
448 3038 498 3088 tuo
519 3027 638 3086 consule
652 3025 779 3102 ceperim
795 3043 884 3091 arma,
896 3040 965 3080 cum
978 3020 1082 3078 eodem

102 3111 121 3138 “
133 3105 259 3185 primirm
283 3107 428 3167 Romano
439 3109 611 3184 imperatore
625 3106 709 3182 signa
722 3103 895 3162 contulerim
908 3121 916 3170 ;
938 3100 975 3158 ad
990 3099 1082 3189 filiurn

102 3187 195 3264 “ejus
209 3187 327 3246 inermis
341 3189 375 3246 ad
398 3207 500 3264 pacem
513 3185 669 3262 petendam
689 3183 813 3242 veniam.
854 3180 1007 3255 Optimum
1021 3196 1083 3268 qur·

103 3268 198 3325 “dem
213 3268 315 3342 fuerat,
330 3287 395 3326 earn
419 3267 547 3344 patribus
571 3264 676 3325 uostris
697 3274 825 3322 mentem
847 3261 943 3318 datam
958 3259 996 3316 ab
1017 3257 1121 3348 Dusae

103 3351 120 3379 ‘¹
132 3361 205 3417 esse,
221 3359 252 3406 ut
272 3359 301 3407 et
322 3368 371 3407 vos
392 3344 493 3414 balim,
508 3355 538 3403 et
557 3364 610 3403 nos
631 3343 740 3401 Airicae
752 3340 882 3418 vimperio
895 3347 1025 3396 contenti
1039 3355 1084 3426 es·

103 3431 121 3459 “
133 3448 246 3487 semus:
267 3447 361 3503 neque
385 3427 464 3485 enim
488 3444 525 3482 ne
549 3424 629 3482 vobis
640 3423 767 3499 -quidem
783 3419 885 3480 Sicilia
898 3437 933 3476 ac
949 3416 1085 3475 Sardinia

102 3500 203 3567 “satis
227 3509 317 3586 digna
340 3506 432 3583 pretia
452 3514 520 3562 sunt
542 3521 594 3580 pro
615 3513 657 3561 tot
681 3502 884 3574 classibus,tot
897 3495 1084 3584 exercitibus,

56 3634 58 3638 -
104 3597 253 3648 “tottam
278 3587 403 3664 egregiis
428 3584 540 3643 amissis
564 3583 696 3640 ducibus.
740 3581 799 3640 Sed
823 3577 968 3656 praeterito
991 3591 1105 3650 magis.

103 3671 120 3698 “
133 3669 305 3744 reprehendi
320 3676 449 3742 possunt,
463 3662 551 3740 qudm
564 3663 679 3738 corrigi.
714 3661 760 3719 Ita
774 3659 869 3718 aliena
883 3654 1085 3745 appetiuimus,
1097 3667 1124 3711 40

103 3751 121 3778 “
132 3757 165 3804 ut
189 3748 225 3803 de
248 3746 353 3803 nostris
374 3745 588 3816 dimicaremus,
603 3761 659 3800 nec
674 3742 704 3800 in
726 3739 813 3797 Italis
827 3738 918 3796 solum
932 3735 1012 3794 vobis
1025 3731 1086 3821 bel·

100 3825 203 3896 “lum,
228 3824 313 3881 nobis
335 3824 365 3881 in
391 3823 493 3882 Africi
515 3832 606 3893 esset;
629 3821 680 3879 sed
704 3829 733 3877 et
754 3837 804 3877 vos
828 3818 859 3876 in
880 3815 970 3893 portis
984 3820 1086 3872 vestris
