2556 4314
544 341 650 392 LIBER
667 339 710 392 lV.
728 355 792 392 one.
810 354 861 390 vrr.
1137 339 1190 399 lll

216 494 267 543 aut
281 493 345 560 post
367 483 477 542 bellum
501 483 639 542 dilaturos
652 503 734 554 esse3
755 493 977 558 contentamque
994 481 1110 542 interim
1124 499 1193 540 con·

217 563 309 622 nubio
322 563 437 639 plebem
451 573 579 639 paratam
600 563 727 620 delectui
741 562 809 622 sore.
849 562 952 624 Quum
964 561 1122 638 Canulejus
1135 559 1193 620 vic·

218 643 294 702 toria
315 643 352 699 de
374 642 508 700 Patribus
531 653 560 700 et
582 642 675 719 plebis
689 641 784 700 favore
797 641 902 718 ingens
915 651 1001 714 esset,
1015 639 1130 698 accensi
1144 638 1193 696 alii

219 721 329 780 tribuni
343 722 380 779 ad
394 732 540 780 certamen
561 741 614 798 pro
636 721 785 798 rogatione
808 721 861 778 susi
875 721 986 780 summi
999 719 1027 777 vi
1044 727 1193 796 pugnant3

196 811 261 870 δεῖ,
275 812 425 859 crescente
438 801 470 858 in
483 801 546 858 dies
559 799 637 858 sama
658 801 735 874 belli,
750 800 896 858 delectum
909 798 1079 876 impediunt
1120 797 1195 855 Con·

221 880 308 954 eules,
332 899 420 955 quum
445 899 498 955 per·
521 890 664 954 senatum,
692 880 941 938 intercedentibus
963 876 1097 949 tribunis,
1124 873 1195 934 nihil

221 958 268 1036 agi
281 968 387 1034 posset,
411 959 531 1017 consilia
551 959 715 1035 principum
729 959 808 1016 domi
822 958 977 1016 habebant.
1019 953 1196 1032 Apparebat,

220 1048 269 1094 aut
283 1038 412 1095 hostibus
425 1047 474 1095 aut
483 1037 594 1095 civibus
608 1037 645 1094 de
659 1037 781 1095 victorii
794 1036 1016 1094 concedendum
1030 1053 1103 1092 esse.
1145 1032 1197 1092 So·

218 1115 238 1173 li
252 1133 288 1174 ex
307 1116 507 1174 consularibus
531 1115 666 1173 Valerius
690 1125 775 1190 atque
798 1114 937 1172 Horatius
958 1133 1016 1172 non
1037 1113 1197 1170 intererant

185 1204 209 1244 1⁰
218 1195 355 1256 consiliis.
397 1194 431 1252 C.
457 1194 573 1252 Claudii
598 1195 743 1252 sententia
766 1194 901 1252 consules
919 1193 1048 1251 armabat
1061 1191 1093 1248 in
1107 1190 1197 1248 tribu·

219 1293 289 1334 nos:
320 1273 521 1348 Quintiorum,
543 1273 770 1348 Cincinnatique
792 1282 822 1331 et
848 1272 1015 1349 Capitolini,
1043 1268 1196 1328 sententiae

219 1353 411 1411 abhorrebant
435 1373 453 1410 a
473 1353 564 1422 caede,
586 1353 793 1429 violandisque,
818 1371 899 1427 quos,
921 1351 1030 1408 foedere
1053 1349 1112 1407 icto
1128 1365 1197 1406 cum

218 1432 313 1510 plebe,
335 1441 535 1492 sacrosanctos
558 1432 749 1508 accepissent.
800 1431 856 1490 Per
880 1431 943 1489 boec
964 1428 1086 1488 consilia
1099 1425 1135 1485 ed
1148 1425 1197 1484 de·

220 1512 309 1570 ducta
329 1531 376 1576 res
397 1521 451 1579 est,
465 1520 498 1569 ut
519 1510 649 1569 tribunos
671 1511 795 1569 militum
816 1509 960 1569 consulari
981 1515 1121 1586 potestate
1133 1522 1198 1582 pto·

188 1601 211 1641 ¹⁵
221 1591 333 1650 miscud
353 1609 391 1648 ex
404 1590 538 1650 Patribus
551 1608 586 1648 ac
599 1589 684 1666 plebe
704 1588 797 1648 creari
810 1589 958 1658 sinerent3
980 1589 1016 1648 de
1030 1583 1199 1648 consulibus

225 1670 362 1728 creandis
385 1668 459 1727 nihil
480 1677 655 1727 mutaretur:
675 1687 767 1744 eoque
788 1668 917 1726 contenti
930 1666 1049 1734 tribuni,
1063 1673 1202 1723 contenta

221 1748 305 1826 plebs
319 1749 382 1806 fuit.
424 1748 551 1808 Comitia
573 1747 696 1807 tribunis
718 1746 861 1806 consulari
882 1755 1021 1824 potestate
1034 1744 1125 1806 tribus
1138 1759 1203 1808 cre·

221 1828 307 1886 andis
321 1827 512 1886 indicuntur:
534 1828 638 1903 quibus
652 1827 780 1901 indictis,
794 1828 948 1905 extemplo,
963 1827 1136 1904 quicumque
1150 1827 1201 1896 ali·

221 1906 290 1983 quid
304 1906 440 1965 seditiose
463 1907 577 1965 dixerat
601 1916 650 1966 aut
671 1907 789 1976 lecerat,
804 1908 890 1983 quarn
904 1906 1028 1966 maxime
1042 1905 1200 1981 tribunicii,

184 1996 212 2039 ao
221 1999 251 2045 et
264 2004 400 2062 prensare
424 1985 567 2060 homines,
591 1996 621 2044 et
634 2005 809 2044 concursare
833 1996 894 2045 toto
907 1987 968 2045 foro
981 1987 1128 2045 candidati
1142 2005 1200 2045 cue·

222 2067 310 2144 pere:
332 2071 364 2123 rit
385 2065 521 2142 patricios
545 2065 706 2142 desperatio
729 2065 830 2144 primd,
855 2065 966 2125 irritati
986 2065 1080 2143 plebe,
1095 2065 1201 2143 adipis-

222 2145 309 2204 cendi
323 2144 448 2214 honoris,
472 2144 578 2205 deinde
599 2145 769 2222 indignatio,
784 2146 808 2204 si
823 2164 891 2206 cum
905 2145 950 2204 his
962 2146 1108 2223 gerendus
1121 2155 1199 2204 esset

221 2225 322 2292 henos,
337 2225 510 2295 deterreret;
531 2225 675 2302 postremd
689 2225 783 2284 coacti
797 2235 895 2286 temen
909 2245 928 2284 a
940 2226 1113 2303 primoribus
1125 2225 1198 2302 peti-

221 2305 278 2376 ere,
292 2323 330 2361 ne
344 2304 467 2362 cessisse
480 2305 661 2382 possessione
676 2305 843 2382 reipublice
857 2305 1032 2364 viderentur.
1068 2304 1199 2362 Eventus

186 2394 319 2442 meorum
332 2384 515 2443 comitiorum
529 2385 637 2453 docuit,
652 2385 722 2443 alios
736 2385 848 2443 animos
869 2385 899 2444 in
914 2385 1100 2446 contentione
1113 2383 1198 2442 libet·

220 2462 287 2522 tatis
301 2463 517 2540 dignitatisque,
532 2464 613 2531 alios,
628 2463 790 2520 secundum
815 2465 947 2539 deposita
969 2463 1138 2531 certamina,
1155 2461 1198 2520 in·
1256 2509 1259 2516 .

218 2553 355 2619 corrupto
376 2542 489 2618 judicio
501 2560 585 2600 esser
606 2543 736 2605 tribunos
756 2543 836 2600 enim
855 2561 956 2600 omnes
969 2541 1105 2617 patricios
1119 2558 1199 2599 crea-

219 2622 260 2680 vit
271 2622 405 2699 populus,
420 2630 575 2680 contentus
595 2639 640 2688 eo,
654 2619 730 2694 qudd
752 2619 826 2677 ratio
848 2620 947 2678 habita
963 2618 1141 2696 plebejorum
1155 2637 1199 2676 es·

185 2707 271 2766 Sset.
312 2701 403 2758 Hanc
424 2699 596 2758 modestiam
618 2698 837 2774 aequitatemque
856 2708 886 2756 et
907 2697 1089 2756 altitudinem
1110 2697 1198 2756 animi

185 2769 206 2879 ἶ,
221 2781 271 2840 ubi
284 2800 364 2840 nunc
378 2780 410 2839 in
424 2798 483 2839 uno
496 2778 651 2847 inveneris,
666 2796 730 2853 quae
744 2787 806 2836 tum
816 2776 914 2854 populi
929 2777 1054 2838 universi
1068 2775 1146 2836 fuist

144 2987 147 2993 .
192 2913 207 3006 ⁴,
261 2937 333 2996 VII.
354 2938 443 2996 Anno
466 2935 671 2996 trecentesimo
691 2937 814 3010 decimo,
839 2937 925 3014 quam
938 2938 1006 2996 urbs
1020 2935 1118 2996 Roma
1131 2954 1199 2995 con·

186 3007 285 3080 edita
297 3026 366 3089 erat,
377 3015 501 3094 primirm
516 3018 624 3077 tribuni
647 3017 771 3086 militum
796 3036 849 3094 pro
860 3017 1028 3077 consulibus
1048 3016 1199 3094 magistra·

187 3096 409 3235 {qqqnusineunq
430 3098 467 3179 A,
490 3098 678 3177 Sempronius
698 3097 859 3176 Atratinus,
880 3097 914 3158 L.
939 3097 1055 3174 Atilius,
1080 3095 1118 3158 T.
1133 3093 1198 3156 Cn·
