2556 4314
89 309 146 366 122
486 307 559 358 TlTI
575 309 662 362 L1v11

83 451 161 526 ratis,
176 461 375 528 exsequentes.
417 451 540 510 Flamen
561 451 677 510 interim
696 451 861 514 Quirinalis
880 452 1068 532 virginesque

16 553 18 558 ·
84 531 227 606 Vestales,
248 531 356 590 omissi
370 549 466 589 rerum
490 551 606 588 suarum
621 531 704 605 curd,
724 551 787 606 quae
802 550 950 590 sacrorum
966 553 1066 594 secum

84 609 213 680 ferenda,
228 630 291 686 quae
317 609 398 689 (quia
421 611 496 670 vires
516 612 552 668 ad
571 612 670 670 omnia
690 611 809 670 ferenda
822 613 958 692 deerant)
981 614 1068 672 reliu-

83 691 199 763 quenda
212 701 320 760 essent,
335 691 542 759 consultantes,
558 691 656 766 quisve
671 709 707 748 ea
718 691 800 749 locus
811 690 890 748 lideli
905 703 1068 754 asservatu-

83 787 132 827 rus
157 770 290 829 custodiri
303 775 399 839 esset}
421 769 562 846 optimum
575 771 697 844 ducunt,
719 771 837 829 condita
850 771 881 828 in
892 772 1010 847 dqliplis
1025 791 1068 830 sa·
1088 789 1102 829 s

16 899 18 910 .
83 850 157 907 cello
169 850 300 926 proximo
314 849 424 908 aedibus
444 849 569 907 flaminis
589 848 753 911 Quirinalis
778 849 843 926 (ubi
866 869 948 908 nunc
963 853 1067 928 despui

82 928 184 1006 religio
198 931 255 1009 est)
270 929 426 988 defodere:
447 938 563 995 caetera,
591 929 666 986 inter
681 948 712 986 se
735 947 824 987 onere
838 930 953 1004 partito,
968 931 1067 990 ferunt

82 1008 140 1081 vid,
153 1028 217 1084 quae
231 1009 354 1066 sublicio
367 1018 454 1084 ponte
469 1007 551 1064 ducit
564 1008 600 1063 ad
614 1007 791 1066 Ianiculum.
824 1007 860 1065 In
874 1027 910 1068 eo
921 1010 997 1068 clivo
1014 1029 1065 1068 eas
1137 1005 1143 1014 ¹

16 1085 18 1124 ἓ
82 1106 170 1161 quum
196 1088 230 1145 L.
253 1087 400 1155 Albinius,
414 1067 451 1144 <ie
464 1086 550 1162 plebe
571 1086 709 1143 Romani
733 1087 829 1156 homo,
855 1089 1063 1164 conspexisset,

81 1167 208 1241 plaustro
232 1166 387 1243 conjugem
422 1184 457 1223 ac
484 1165 590 1222 liberos
616 1166 725 1223 vehens
747 1165 824 1225 inter
847 1177 982 1225 caeteram
1006 1179 1100 1227 tur-ro

82 1246 159 1314 bam,
194 1264 268 1320 qua,
296 1245 407 1302 inutilis
434 1245 520 1318 bello,
547 1245 619 1302 urbe
643 1245 830 1315 excedebat3
864 1247 944 1305 salvo
975 1249 1064 1306 etiam

82 1334 144 1382 tum
171 1325 338 1382 discrimine
373 1323 536 1382 divinarum
563 1325 813 1400 humanarumque
840 1345 948 1394 rerum,
973 1327 1065 1384 irreli-

81 1404 195 1480 giosum
210 1415 299 1478 ratus,
314 1403 479 1461 sacerdotes
505 1403 636 1479 publicos
660 1422 799 1478 sacraque
822 1406 921 1481 populi
935 1405 1064 1466 Romani

82 1484 204 1558 pedibus
218 1484 269 1552 ire,
285 1483 429 1558 ferrique3
451 1502 482 1542 se
504 1502 539 1539 ac
555 1501 622 1540 suos
641 1482 673 1540 in
687 1483 821 1541 vehiculo
845 1486 976 1561 conspici
985 1505 993 1555 3
1015 1486 1065 1544 de-

82 1563 222 1620 scendere
247 1582 365 1620 uxorem
387 1581 422 1619 ac
446 1581 550 1638 pueros
583 1561 678 1639 jussit,
710 1563 837 1638 virgines
861 1583 1001 1640 sacraque
1033 1565 1100 1622 inre

80 1641 239 1716 plaustrum
260 1641 407 1718 imposuit,
437 1652 467 1699 et
490 1641 584 1714 Care,
608 1641 665 1716 qud
691 1641 746 1700 iter
767 1643 967 1704 sacerdotibus
991 1654 1063 1719 erat,

82 1721 220 1795 pervexit.
1097 1717 1101 1733 .

120 1879 203 1943 XLI.
225 1879 329 1937 Romae
351 1879 476 1952 interim,
501 1879 569 1938 satis
597 1879 657 1956 jam
678 1878 824 1949 omnibus,
849 1891 882 1938 ut
903 1881 933 1938 in
953 1881 1004 1938 tali
1018 1900 1059 1949 re,

65 1958 271 2024 ,adtuendam
294 1978 390 2016 arcem
414 1959 590 2034 compositis,
611 1959 696 2038 turba
719 1960 876 2028 seniorum,
902 1961 1002 2018 domos
1015 1981 1061 2018 re-

81 2055 190 2113 gressa,
215 2037 370 2095 adventum
395 2038 520 2096 hostium
541 2038 685 2100 obstinato
706 2039 742 2096 ad
764 2050 886 2098 mortem
900 2040 997 2098 animo
1011 2053 1098 2098 ex·2⁰

82 2117 240 2192 spectabat.
281 2116 344 2177 Qui
367 2136 467 2188 eorum
482 2118 598 2175 curules
611 2127 761 2194 gesserant
774 2119 969 2195 magistratus,
984 2131 1015 2178 ut
1029 2121 1059 2177 in

81 2196 203 2253 fortunae
226 2195 354 2271 pristinae
377 2197 573 2271 honorumque
597 2209 647 2254 aut
667 2198 779 2256 virtutis
792 2198 954 2274 insignibus
968 2218 1061 2257 more-

81 2285 190 2347 rentur,
204 2294 267 2350 quae
282 2275 483 2350 augustissima
503 2276 590 2334 vestis
603 2287 759 2360 esttensqs
774 2278 947 2335 ducentibus
960 2277 1060 2336 triurn-

80 2349 281 2429 phantibusve,
303 2355 339 2411 eri
363 2354 456 2412 vestiti
477 2355 573 2413 medio
587 2357 692 2413 aedium
707 2357 843 2414 eburneis
856 2356 934 2414 sellis
948 2357 1059 2414 sedere.

82 2434 167 2502 Sunt,
182 2434 241 2510 qui,
264 2433 306 2491 M.
321 2433 412 2492 Fabio
425 2435 561 2510 pontifice
576 2436 701 2493 maximo
713 2435 852 2511 praesante
867 2455 996 2508 carmen,
1011 2437 1060 2494 de·
1070 2447 1099 2492 25.

81 2514 191 2572 vovisse
218 2533 267 2572 eos
292 2533 323 2572 se
346 2534 398 2590 pro
418 2514 510 2590 patria
530 2514 752 2589 Quiritibusque
766 2516 921 2583 Romame,
935 2517 1058 2574 tradant.

80 2593 166 2663 Galli,
182 2605 211 2652 et
224 2594 292 2671 quia
305 2594 471 2669 interposita
485 2605 571 2652 nocte
592 2613 610 2651 a
622 2595 809 2653 contentione
823 2614 930 2670 pugnae
944 2596 1060 2653 remise·

80 2683 145 2732 rant
159 2675 280 2748 animoa,
294 2684 324 2731 et
349 2673 425 2748 qudd
447 2673 547 2731 necin
569 2674 633 2731 acie
657 2673 776 2748 ancipiti
794 2693 917 2749 usquam
931 2685 1059 2732 certave-

80 2763 146 2810 rant
158 2754 270 2827 proelio,
284 2772 340 2810 nec
364 2763 425 2809 turn
451 2752 559 2828 impetu
583 2753 674 2810 autri
699 2753 854 2827 capiebant
868 2755 979 2822 urbem,
995 2755 1058 2812 sine

81 2832 134 2900 ira,
157 2831 220 2888 sine
245 2831 344 2888 ardore
359 2831 529 2899 animorum,
551 2832 673 2910 ingressi
687 2842 802 2907 postero
824 2832 872 2890 die
893 2834 993 2890 urbem
1009 2853 1058 2908 pa·
1069 2847 1096 2886 30

81 2921 161 2968 tente
185 2910 301 2967 colline
321 2909 412 2984 porti,
434 2910 464 2967 in
492 2911 585 2968 forum
608 2911 790 2987 perveniunt,
818 2912 1058 2970 circumferentes

80 2990 181 3048 oculos
195 2989 231 3046 ad
246 2989 351 3065 templa
364 2988 471 3063 Derim,
493 3009 656 3065 arcemque,
679 2991 769 3048 solam
795 2991 861 3049 belli
875 2992 1003 3066 speciem
1018 3003 1059 3052 tc·

81 3080 209 3128 nentem.
251 3067 335 3141 Inde,
349 3069 464 3127 modico
487 3070 587 3128 relicto
601 3069 735 3146 praesidio
751 3068 802 3145 (ne
816 3071 881 3145 quis
895 3071 926 3128 in
940 3071 1060 3147 dissipa·

81 3160 125 3206 tos
139 3167 174 3206 ex
189 3167 255 3205 arce
270 3158 319 3205 aut
333 3148 475 3224 Capitolio
499 3149 623 3224 impetus
641 3149 748 3228 fieret),
763 3150 867 3226 dilapsi
881 3151 918 3207 ad
931 3150 1058 3226 praedam

80 3228 180 3286 vacuis
193 3247 317 3286 occursu
340 3228 490 3288 hominurn
513 3229 576 3300 vile,
590 3248 656 3303 pars
677 3229 708 3286 in
722 3229 852 3304 proxima
865 3249 986 3305 quaeque
1000 3240 1095 3288 tec-35

80 3320 175 3367 torum
189 3308 305 3384 agmine
328 3318 435 3377 ruunt3
455 3328 522 3384 pars
541 3308 651 3382 ultima,
673 3308 751 3366 velut
764 3328 800 3366 ea
817 3310 936 3370 demum
950 3309 1060 3366 intacta

80 3399 110 3448 et
123 3389 229 3447 referta
241 3389 348 3465 pradia,
369 3399 488 3464 petunt:
509 3387 578 3445 inde
591 3407 690 3446 rursus
703 3388 767 3463 ipsi
781 3389 936 3447 solitudine
951 3389 1060 3447 abster-

80 3470 136 3542 riti,
151 3489 189 3526 ne
202 3489 259 3545 qua
272 3469 348 3526 fraus
362 3467 473 3525 hostilis
494 3485 582 3542 vagos
605 3467 764 3543 exciperet,
780 3468 810 3527 in
833 3469 926 3526 forum
941 3488 976 3526 ao
997 3488 1060 3544 pro-

78 3550 187 3626 pinqua
201 3549 262 3607 soro
284 3549 349 3606 loca
372 3545 538 3621 conglobati
551 3547 703 3604 redibant:
725 3547 776 3605 ubi
789 3567 850 3622 eos,
864 3548 958 3623 plebis
972 3547 1061 3606 aedifi·

80 3630 134 3687 ciis
160 3627 309 3700 obseratis,
335 3625 501 3700 patentibus
528 3625 608 3683 atriis
634 3625 810 3704 principum,
844 3627 936 3704 major
968 3625 1097 3703 propero

80 3707 229 3764 cunctatio
248 3705 372 3762 tenebat
398 3714 506 3779 aperta,
533 3704 618 3778 quam
646 3705 755 3780 clausa,
779 3707 955 3765 invadendi:
984 3704 1058 3762 aded

80 3783 159 3844 baud
173 3803 258 3843 secus
281 3781 368 3858 quim
392 3782 590 3843 venerabundi
610 3784 797 3843 intuebantur
810 3785 841 3843 in
856 3787 963 3845 aedium
977 3785 1061 3844 vesti·
1154 3787 1155 3790 ’
1211 3766 1213 3770 ’
1258 3759 1262 3836 J
