2556 4314
537 305 643 357 LIBER
658 307 707 356 111.
724 321 787 358 aar.
803 320 855 356 arr.
914 343 918 351 .
1146 302 1187 363 97

210 447 293 522 citui,
314 447 418 526 viginti
441 447 566 507 tribunis
585 449 710 508 militum
738 450 888 526 negotium
912 447 1062 518 dederunt,
1085 459 1118 508 nt
1144 463 1184 507 ex

210 547 265 586 suo
283 547 407 586 nurnero
426 527 500 586 duos
524 538 667 596 crearent,
689 527 738 603 qui
759 545 880 586 summae
903 545 998 589 rerum
1020 535 1184 604 preessent.

210 605 255 664 M.
266 606 406 683 Oppium,
416 607 483 664 Sex.
492 605 648 664 Manilium
657 616 765 664 creant.
787 605 1019 680 Patres‚'solliciti
1029 605 1187 665 desummd

211 703 321 754 rerum,
344 704 433 760 quum
454 695 572 743 senatus
595 685 722 762 quotidie
746 695 831 754 esset,
853 685 957 762 jurgiis
975 685 1078 762 saepius
1091 693 1187 743 terunt

189 773 338 840 ttempus,
352 763 439 839 quam
452 764 589 822 consiliis.
632 764 722 822 Siceii
744 765 839 823 caedes
860 764 1041 837 decemviris,
1055 774 1085 822 et
1099 762 1188 840 Appi·
1253 815 1256 820 .

214 861 271 902 ana
286 842 391 916 libido,
412 851 442 899 et
464 842 608 900 dedecora
634 843 743 900 militiae
765 843 985 922 objiciebantur.
1041 841 1187 908 Placebat,

213 921 363 979 Valerium
384 921 595 996 Horatiumque
619 921 660 978 ire
674 921 705 979 iu
720 922 919 980 Aventinum:
941 921 982 978 illi
995 920 1143 998 negabant
1156 937 1188 978 se

211 1000 293 1057 aliter
307 1000 404 1068 ituros,
420 997 506 1074 quam
520 999 544 1057 si
564 997 725 1058 decemviri
749 1001 928 1077 deponerent
941 1000 1069 1076 insignia
1082 997 1188 1076 magis·

209 1078 299 1136 tratis
312 1078 385 1155 ejus,
399 1097 457 1153 quo
478 1097 555 1136 anno
571 1078 632 1155 jam
656 1079 723 1136 ante
747 1078 882 1136 abissent.
923 1078 1101 1151 Decemviri,
1120 1095 1189 1154 que·

177 1167 304 1216 rorantes
328 1176 359 1215 se
376 1157 411 1214 in
432 1157 564 1215 ordinem
585 1157 661 1234 cogi,
684 1175 743 1215 non
765 1157 841 1231 ante,
865 1155 953 1232 quim
976 1156 1093 1234 perlatis
1114 1155 1186 1233 legi-

180 1275 183 1280 ·
210 1235 273 1309 bus,
286 1253 407 1311 quarum
421 1236 510 1294 causd
534 1236 624 1295 creati
645 1245 749 1309 essent,
774 1236 953 1313 deposituros
976 1235 1129 1312 imperium
1153 1252 1186 1292 se

210 1314 335 1373 aiebant.

251 1472 318 1532 LII.
340 1472 396 1532 Per
421 1474 464 1532 M.
486 1473 627 1548 Dubium,
651 1475 700 1550 qui
712 1471 846 1534 tribunus
858 1475 951 1552 plebis
964 1474 1066 1549 suerat,
1080 1473 1186 1534 certior

211 1552 291 1609 facta
302 1553 394 1627 plebs,
409 1553 643 1610 contentionibus
657 1554 779 1610 assiduis
789 1555 861 1610 nihil
874 1555 1003 1630 transigi,
1018 1555 1049 1612 in
1064 1555 1187 1612 Sacrum

177 1636 205 1688 rs
214 1641 394 1687 montemerr
407 1629 555 1688 Aventino
568 1631 669 1688 transit
680 1650 688 1700 3
703 1631 863 1688 affirmante
876 1631 985 1703 Duilio,
997 1635 1015 1663 “
1027 1651 1087 1688 non
1099 1630 1187 1706 priris,

214 1712 235 1740 ‘⁴
246 1708 333 1782 quam
347 1708 441 1765 deseri
458 1708 563 1766 Urbem
586 1709 712 1776 videant,
726 1728 827 1767 curam
839 1709 871 1766 in
885 1709 997 1768 animos
1010 1708 1128 1768 Patrunr
1141 1709 1190 1766 de·

212 1789 434 1843 “seensuram:
468 1787 682 1846 admoniturum
709 1789 832 1846 Sacrum
859 1797 988 1846 montem
1020 1787 1188 1846 constantiae

212 1868 232 1896 “
242 1864 350 1940 plebis:
380 1864 514 1934 scituros,
536 1865 613 1942 qubd
637 1867 700 1924 sine
724 1866 857 1925 restituti
877 1876 1017 1942 potestate
1041 1865 1134 1944 redigi
1157 1866 1188 1924 in

213 1943 430 2001 “concordiam
454 1962 501 2002 res
522 1946 696 2020 nequeant.''
747 1945 804 2003 vit
827 1945 1015 2004 Nomentana
1039 1944 1102 2023 (cui
1126 1955 1188 2003 tum

169 2041 201 2080 ao
213 2017 362 2079 Ficulensi
377 2041 483 2080 nornen
498 2021 564 2103 fuit)
578 2023 710 2100 profecti,
733 2034 828 2082 castra
850 2024 881 2081 iu
896 2034 993 2082 monte
1008 2025 1098 2082 Sacro
1110 2023 1188 2082 loca·

212 2102 300 2170 νᾶες
321 2101 489 2159 modestiam
503 2112 617 2178 patrum
625 2121 747 2160 suorum
759 2102 830 2160 nihil
845 2102 980 2160 violando
993 2102 1106 2160 imitati.
1135 2103 1187 2160 Se·

211 2189 280 2237 cuta
297 2179 455 2252 exercitum
479 2180 570 2255 plebs,
591 2181 679 2252 nullo,
703 2180 752 2256 qui
775 2199 826 2256 per
840 2190 954 2238 aetatem
967 2180 1009 2238 ire
1023 2189 1129 2256 posset,
1144 2199 1188 2240 re·

203 2267 360 2314 tractante.
401 2257 616 2333 Prosequuntur
637 2259 777 2336 conjuges
798 2259 948 2334 liberique,
978 2260 1127 2318 “cuinam
1154 2277 1186 2318 se

173 2369 180 2378 ·
212 2340 232 2398 ,“
244 2335 435 2412 relinquerent
448 2335 478 2393 in
500 2335 536 2393 ed
548 2337 629 2407 urbe,
644 2336 674 2392 in
692 2338 750 2411 quia
763 2355 819 2394 nec
832 2338 984 2413 pudicitia,
998 2357 1054 2396 nec
1067 2338 1186 2396 libertas

174 2441 200 2482 25
211 2418 339 2472 “sancta
362 2415 468 2487 esset,'’
491 2413 691 2472 miserabiliter
708 2415 874 2490 rogitantes.
915 2415 1019 2476 Quum
1032 2426 1113 2474 vasta
1126 2416 1187 2475 R‘o·

186 2535 188 2540 .
210 2512 263 2551 mae
276 2493 375 2552 omnia
398 2493 513 2551 insueta
532 2491 655 2550 solitudo
668 2492 794 2560 fecisset,
816 2493 847 2550 in
871 2493 932 2551 foro
955 2503 1057 2568 praeter
1079 2511 1186 2569 paucos

199 2571 356 2631 'seniorum
380 2590 468 2629 nemo
491 2581 586 2640 esset,
608 2571 715 2628 vocatis
739 2571 837 2645 utique
852 2571 882 2628 in
897 2580 1029 2629 senatum
1043 2571 1185 2640 Patribus,

209 2652 355 2710 desertum
370 2649 549 2727 apparuisset
567 2649 680 2719 sorum;
701 2649 798 2724 plures
819 2649 889 2726 jam,
903 2647 990 2724 quarn
1004 2649 1142 2708 Horatius
1155 2661 1185 2710 et

124 2735 129 2743 ’
210 2729 353 2804 Valerius,
374 2728 617 2803 vociferabantur,
639 2727 753 2790 “Quid
775 2727 989 2805 exspectabitis,
1003 2727 1201 2795 Paresaca,

172 2834 199 2874 so
211 2819 230 2846 “
241 2810 361 2886 scripti!
390 2809 437 2867 -Si
460 2808 617 2867 decemviri
642 2807 728 2866 finem
747 2808 915 2884 pertinaciae
929 2826 988 2866 non
1002 2807 1122 2882 faciunt,
1135 2828 1183 2868 ru-
1228 2836 1231 2841 ·

209 2892 228 2920 “
240 2907 289 2946 ere
303 2907 338 2944 ac
352 2887 510 2964 deflagrare
523 2887 621 2946 omnia
633 2887 744 2964 passuri
758 2887 827 2946 estis
839 2890 850 2944 l
891 2887 980 2950 Quod
994 2898 1090 2946 autern
1104 2888 1181 2947 istud

210 2970 230 2998 “
242 2966 394 3042 imperium
414 2977 466 3035 est,
481 2967 647 3042 decemviri,
672 2967 748 3042 quod
771 2967 894 3044 amplexi
908 2967 1036 3041 tenetis?
1078 2967 1181 3025 Tectis

211 3054 231 3081 ‘⁶
243 3063 278 3102 ac
301 3045 456 3119 parietibus
473 3047 539 3123 jura
551 3045 664 3104 dicturi
688 3047 777 3104 estis?
832 3046 901 3106 Non
921 3046 1019 3122 pudet,
1046 3045 1179 3106 lictorum

211 3133 398 3182 “vestrorum
411 3125 548 3202 majorem
556 3123 643 3202 prope
658 3143 809 3183 numerum
821 3124 851 3181 in
866 3125 925 3182 foro
939 3124 1077 3198 conspici,
1092 3127 1179 3200 quam

170 3229 197 3269 ³5
208 3205 396 3280 “togatorum
417 3205 618 3280 aliorumque?
659 3203 752 3270 Quid,
775 3202 799 3259 si
823 3203 919 3260 hostes
933 3203 969 3260 ad
985 3202 1086 3262 urbem
1100 3204 1179 3262 veni·

208 3291 227 3320 ‘⁶
239 3293 299 3351 ant,
314 3282 418 3340 facturi
431 3283 522 3341 estisl
543 3283 622 3358 quid,
637 3282 661 3339 si
677 3281 757 3356 plebs
771 3299 847 3347 mox,
862 3282 911 3338 ubi
925 3299 1026 3357 parurn
1040 3283 1178 3341 secessio·

207 3365 276 3418 “ne
306 3379 481 3437 moveamur,
515 3372 623 3418 armata
644 3359 763 3416 veniatt
813 3357 970 3417 Occasune
993 3361 1072 3418 urbis
1093 3359 1177 3418 vultis

207 3443 227 3472 “
238 3439 322 3496 finire
344 3439 516 3515 imperiuml
565 3437 654 3514 Atqui
678 3447 727 3495 aut
740 3436 821 3513 plebs
833 3455 893 3496 non
913 3449 957 3496 est
970 3439 1113 3502 habenda,
1129 3443 1179 3492 aut

207 3516 366 3580 “habendi
391 3526 459 3574 sunt
483 3515 588 3577 tribuni
610 3515 726 3592 plebis..
752 3515 816 3573 Nos
840 3515 924 3575 citius
938 3515 1115 3574 caruerimus
1128 3525 1177 3584 pa-

167 3628 195 3668 40
207 3604 227 3660 ‘.‘
239 3595 332 3653 triciis
346 3594 566 3671 magistratibus,
581 3596 666 3670 quam
691 3595 732 3652 illi
750 3593 879 3671 plebejis.
920 3593 1033 3650 Novam
1047 3590 1177 3662 inexper-

205 3685 354 3750 “tamque
368 3692 432 3734 eam
445 3682 613 3750 potestatem
627 3674 758 3749 eripuere
768 3670 897 3747 patribus
907 3667 1020 3730 nostris,
1035 3681 1175 3732 nannet,

203 3753 391 3814 “dulcedine
414 3753 503 3814 semel
527 3753 614 3830 capti,
629 3752 722 3810 ferant
742 3746 937 3807 desiderium:
957 3757 1046 3814 quum
1059 3760 1175 3819 preser-
