2556 4314
333 325 343 342 ⁴
435 343 541 393 LIBER
556 341 630 393 xxt.
647 355 710 393 oar.
727 356 810 392 xvrrr.
1049 339 1111 403 177

137 489 215 548 Inter
240 485 377 547 consules
402 486 442 545 ita
466 487 556 563 copiae
570 486 688 546 divisae:
711 484 882 563 Sempronio
895 483 969 543 data
981 484 1111 562 legiones

135 569 199 626 duae
214 567 263 644 (ea
276 578 416 642 quaterna
430 568 519 624 millia
533 577 616 626 eraut
638 567 778 644 peditum,
792 576 821 624 et
835 566 958 624 trecenti
972 565 1108 646 equites),

134 658 163 706 et
175 649 320 708 sociorum
334 648 482 706 sexdecim
496 647 585 706 millia
598 649 737 724 peditum,
747 647 860 722 equites
871 646 949 704 mille
962 645 1111 722 octingen-

106 753 108 758 ’
134 727 175 785 ti:
189 745 278 785 naves
292 728 385 804 longae
398 739 518 786 centum
531 728 692 804 sexaginta,
702 725 816 785 celoces
829 725 993 784 duodecim.
1035 725 1112 782 Cum

114 807 180 864 5his
194 807 376 864 terrestribus
400 807 606 882 maritimisque
625 807 718 883 copiis
739 807 788 864 Ti.
804 805 993 882 Sempronius
1006 804 1111 862 missus

133 885 165 944 in
180 887 329 956 Siciliam
350 887 391 945 ita
414 888 444 945 in
467 887 597 945 Africam
619 887 847 958 transmissurus,
862 887 886 944 si
901 885 940 942 ad
951 885 1112 942 arcendum

134 964 221 1023 Italid
235 966 357 1024 Poenum
379 967 481 1024 consul
503 967 574 1024 alter
594 967 664 1024 satis
677 976 761 1024 esset
804 965 941 1024 Cornelio
954 965 1051 1022 minus
1064 983 1112 1023 co·

132 1045 245 1120 piarum
256 1047 364 1114 datum,
379 1047 446 1121 quia
457 1045 489 1104 L.
499 1045 628 1102 Manlius
638 1046 751 1121 pretor,
770 1055 800 1102 et
810 1045 871 1122 ipse
895 1063 964 1102 cum
978 1045 1056 1102 haud
1067 1042 1112 1102 in·

133 1123 225 1181 valido
248 1125 390 1199 praesidio,
415 1125 446 1182 in
473 1126 597 1182 Galliam
622 1125 797 1183 mittebatur.
838 1123 968 1183 Navium
983 1121 1110 1182 maxim&

101 1213 124 1254 1⁰
133 1202 266 1261 Cornelio
280 1223 418 1261 numerus
429 1205 596 1264 deminutus
610 1224 616 1261 :
638 1204 789 1280 sexaginta
800 1203 1022 1279 quinqueremes
1035 1204 1110 1260 datae

133 1281 240 1358 (neque
254 1284 333 1339 enim
347 1284 420 1341 mari
434 1295 596 1352 venturum,
608 1295 658 1342 aut
668 1282 705 1340 ed
718 1295 797 1360 parte
812 1283 879 1340 belli
904 1283 1110 1340 dimicaturum

131 1360 244 1420 hostem
257 1363 429 1440 credebant)
445 1373 478 1420 et
498 1364 563 1420 duae
578 1363 721 1422 Romane
734 1364 865 1440 legiones
877 1371 954 1420 'cum
968 1381 1021 1420 suo
1031 1363 1110 1439 justo

130 1441 270 1515 equitatu,
295 1451 324 1497 et
347 1443 564 1515 qriutuordecim
579 1442 704 1502 millibus
718 1441 861 1501 sociorum
875 1443 1015 1518 peditum,
1030 1441 1110 1517 equi·

129 1519 207 1577 tibus
230 1519 308 1576 mille
332 1521 486 1578 sexcentis
527 1521 609 1578 Duas
632 1522 761 1596 legiones
781 1523 943 1590 Romanas,
957 1533 987 1579 et
1005 1522 1109 1580 decem

98 1598 221 1655 tamillia
249 1601 393 1656 sociorum
419 1600 560 1675 peditum,
587 1600 664 1658 mille
692 1601 803 1674 equites
829 1601 931 1668 socios,
956 1611 1115 1660 sexcentos

129 1676 282 1738 Romanos
303 1677 399 1736 Gallia
418 1679 576 1757 provincia,
600 1681 702 1738 eodem
727 1698 804 1740 anuo
823 1698 905 1738 versa
918 1680 949 1738 iu
963 1679 1108 1738 Punicum

129 1755 249 1830 bellum,
264 1757 374 1814 habuit.
1081 1753 1085 1762 ’

167 1913 288 1973 XVIII.
311 1914 367 1971 His
389 1911 429 1972 ita
452 1915 634 1990 comparatis,
656 1925 689 1972 ut
709 1916 807 1974 omnIa
825 1916 902 1992 justa
918 1925 986 1973 aute
999 1915 1108 1975 bellum

129 1992 242 2064 tierent,
276 1994 386 2070 legatos
413 1994 535 2070 majores
562 2005 643 2062 natu,
677 1994 718 2056 Q.
747 1995 882 2062 Fabium,
910 1993 952 2052 M.
980 1995 1106 2064 Livium.
1146 2055 1148 2060 ,

96 2071 162 2130 uL.
178 2072 342 2147 AEmilium,
358 2072 393 2130 C.
407 2073 564 2144 Licinium,
578 2074 619 2136 Q·
634 2074 777 2147 Baebimn,
797 2075 828 2132 in
842 2073 974 2132 Africam
989 2075 1115 2152 mittunt¹

129 2153 164 2208 ad
178 2153 393 2229 percontandos
407 2152 672 2230 Carthaginienses
686 2154 841 2230 publicone
856 2154 978 2212 consilio
992 2153 1107 2214 Hanni·

128 2230 173 2289 bal
188 2234 354 2309 Saguntum
377 2236 595 2310 oppugnasset?
617 2246 647 2291 et
669 2233 703 2301 si,
719 2234 749 2292 id
759 2235 837 2310 quod
851 2233 955 2292 facturi
969 2233 1106 2304 videban-

128 2319 183 2384 tur,
195 2311 365 2380 saterentur‚
385 2332 420 2370 ac
442 2313 632 2372 defenderent
653 2313 770 2388 publico
794 2313 915 2374 oonsilio
940 2314 1059 2388 facturn,
1073 2322 1107 2372 ut

127 2388 294 2448 indicerent
317 2391 423 2465 populo
446 2392 681 2467 Carthaginiensi
706 2393 823 2452 bellum.
875 2393 1004 2450 Romani
1030 2403 1106 2469 post·

91 2477 215 2544 aequam
238 2467 446 2543 Carthaginem
467 2481 619 2538 venerunt,
641 2489 730 2544 quum
749 2482 866 2530 senatus
880 2472 964 2529 datus
977 2482 1062 2544 osset,
1077 2482 1107 2530 et

125 2547 167 2610 Q
182 2546 295 2604 Fabius
318 2546 391 2605 nihil
415 2545 499 2614 ultra,
523 2548 609 2622 quarn
634 2567 735 2620 unum,
753 2551 830 2623 quod
853 2551 1107 2628 mandatumerat2

125 2637 315 2702 percontatus
328 2639 420 2696 esset;
441 2637 502 2684 tum
517 2644 554 2684 ex
574 2627 873 2702 Carthaginiensibus¹
884 2647 980 2700 unust¹
1002 2632 1019 2658 ‘⁴
1032 2627 1107 2686 Pre-

127 2711 145 2738 “
155 2725 226 2783 ceps
241 2717 343 2780 vestra,
368 2705 508 2773 Romani,
522 2716 552 2764 et
564 2706 640 2782 prior
654 2706 759 2782 legatio
773 2707 837 2775 suit,
851 2724 940 2781 quum
955 2706 1106 2766 Hanniba·

128 2785 227 2859 “lem,
250 2797 396 2862 tamquam
418 2806 472 2844 suo
495 2786 616 2844 consili0
641 2786 804 2862 Saguntum
818 2796 1043 2863 oppugnantem,
1058 2787 1107 2846 de·

93 2875 117 2916 ³⁰
127 2868 145 2896 “
156 2867 339 2942 poscebatis:
360 2866 499 2925 caeterdm
523 2866 587 2924 haec
606 2866 713 2942 legatio
726 2867 821 2924 verbis
835 2867 931 2924 adhuc
945 2867 1036 2925 leuior
1050 2875 1104 2937 est,

127 2947 188 3004 “re
213 2946 348 3021 asperior.
390 2946 480 3004 Tunc
502 2946 581 3004 enlm
605 2946 755 3004 Hannibal
778 2957 808 3005 et
831 2946 1060 3016 insimulabatur,
1074 2957 1105 3006 et
1168 2943 1171 2950 ’

126 3031 145 3060 “
156 3025 388 3100 deposcebatur:
409 3044 490 3083 nunc
514 3026 551 3083 ab
564 3026 648 3084 nobis
661 3036 691 3083 et
706 3026 851 3086 confessio
863 3027 958 3103 culpae
970 3021 1105 3104 exprimi·

127 3110 224 3173 “tur;
245 3116 284 3173 et,
310 3115 342 3162 ut
365 3123 383 3164 a
403 3105 553 3173 confessis,
579 3125 625 3164 res
648 3107 792 3182 extemplo
820 3117 997 3182 repetuntur.
1038 3107 1104 3184 Ego

126 3184 145 3212 ‘⁴
156 3194 254 3241 autem
273 3203 342 3251 non,
366 3185 477 3259 privato
501 3185 656 3260 publicone
678 3185 800 3246 consilio
818 3187 981 3264 Saguntum
992 3205 1104 3264 oppug-

92 3273 116 3314 ts
126 3263 144 3290 “
155 3273 257 3320 natum
270 3263 316 3330 sit,
340 3264 529 3337 quaerendum
540 3282 700 3334 censeam,
720 3266 772 3324 sed
786 3264 880 3324 utrdm
899 3267 963 3343 jure
978 3286 1014 3324 an
1029 3267 1104 3344 inju-

125 3347 145 3377 “
156 3341 210 3398 rid.
245 3341 358 3398 Nostra
381 3343 461 3400 euim
475 3344 538 3401 haec
562 3344 681 3419 quaestio
694 3355 779 3420 atque
793 3332 1003 3406 animadversio
1017 3347 1047 3403 in
1061 3344 1102 3404 ci·

126 3427 222 3485 “‚vem
247 3429 376 3476 nostrum
398 3430 451 3488 est,
473 3431 571 3480 nostro
592 3442 630 3480 au
644 3443 697 3483 suo
718 3424 819 3482 lecerit
832 3412 958 3484 mhitrio.
999 3423 1102 3483 vobis-

125 3505 145 3534 “
157 3515 227 3557 cum
245 3517 311 3557 una
334 3499 506 3574 disceptatio
528 3511 581 3572 est,
595 3501 749 3564 licueritne
762 3524 812 3580 per
827 3504 920 3564 soedus
931 3502 1002 3562 fieri.
1043 3501 1101 3558 Ita·
1125 3507 1131 3518 ⁴

124 3579 145 3608 “
154 3596 212 3652 que
223 3577 357 3653 quoniam
369 3578 496 3636 discerni
504 3579 608 3655 placet,
619 3583 687 3658 quid
696 3585 813 3659 publico
827 3584 957 3648 consilio,
968 3579 1038 3654 quid
1048 3579 1102 3638 sui

90 3669 115 3710 to
125 3663 145 3692 “
156 3668 258 3733 sponte
272 3658 457 3733 imperatores
468 3659 576 3718 faciant
587 3663 692 3732 anobis
701 3664 849 3722 vobiscum
860 3663 953 3720 soedus
963 3666 1008 3716 est
1019 3656 1102 3717 aLu·

125 3737 144 3769 ‘⁴
156 3737 226 3797 tatio
237 3738 356 3796 consule
371 3738 461 3797 ictum
473 3760 481 3809 3
496 3741 591 3818 inquo
601 3762 690 3820 quum
701 3753 851 3802 caveretur
861 3752 1045 3812 utrorumque
1057 3755 1101 3796 so-

125 3822 144 3856 “
155 3815 217 3893 ciis,
227 3819 300 3892 nihil
311 3819 348 3880 de
361 3819 538 3898 'Saguntinis
551 3822 692 3896 (necdum
708 3822 787 3882 enim
805 3828 888 3878 erant
908 3816 980 3883 socii
990 3817 1100 3904 -uestril
