2556 4314
427 245 443 284 ἰ
476 285 617 336 LIBERI.
634 299 697 354 etr.
714 299 797 334 xxxv.
1036 359 1039 364 Ι
1084 287 1125 346 35

72 474 77 478 .
151 427 255 504 cupido
276 428 430 496 honorum,
445 429 548 494 etcui
570 428 725 504 Tarquinii
749 438 881 494 materna
899 428 1124 508 uatum-patria

149 517 234 564 esset.
286 507 537 582 Sublatis‘itaque
559 507 656 579 rebus,
680 509 872 584 commigrant
891 508 1024 566 Romam.
1072 510 1122 568 Ad

150 584 322 644 laniculum
347 586 428 644 forte.
441 597 559 644 ventum
572 595 653 644 erat:
674 586 715 644 ibi
730 586 769 658 ei,
782 597 918 662 carpento
932 587 1043 644 sedenti
1055 607 1128 646 curn
1205 653 1208 660 ,

148 683 255 732 uxore,
268 665 371 740 aquile,
391 665 539 740 suspensis
560 664 685 726 demissa
697 665 803 724 leniter
817 666 879 732 alis,
892 665 1000 740 pileum
1015 665 1124 736 aufem

125 750 298 818 ⁵superque
318 754 484 818 carpentum
509 762 577 802 cum
601 761 707 819 magno
721 744 858 820 clangore
872 744 1003 817 volitans,
1017 763 1125 818 rursus,

150 823 233 879 velut
257 822 414 880 ministerio
427 822 564 880 divinitus
588 822 684 896 missu,
706 823 796 898 capiti
818 823 882 898 apte
903 823 1035 898 reponit:
1056 823 1125 880 inde

150 901 375 964 sublimisabiir.
416 901 576 976 Accepisse
600 901 630 958 id
651 901 804 977 augurium
828 902 894 960 laeta
907 901 1013 958 dicitur
1027 901 1125 960 Tana·

151 978 220 1053 quil,
230 980 330 1054 perita,
340 991 371 1036 ut
384 979 469 1056 rulgd
485 979 611 1052 Etrusci,
626 979 787 1038 caelestium
800 973 997 1056 prodigiorum
1010 981 1123 1044 mulier.

151 1057 279 1116 Excelsa
301 1069 331 1116 et
356 1059 413 1116 alta
433 1077 548 1134 sperare
569 1059 722 1134 complexa
735 1059 830 1116 virum
839 1059 941 1135 jubet:
964 1063 983 1091 ‘⁴
994 1077 1060 1118 eam
1075 1059 1125 1118 ali·

114 1151 142 1190 ro
153 1146 171 1174 “
182 1147 241 1194 tem
256 1137 292 1194 eal
315 1138 434 1213 regione
457 1138 523 1195 coeli
545 1149 575 1195 et
588 1138 650 1214 ejus
671 1137 729 1195 Dei
743 1138 875 1196 nuntiam
890 1137 1021 1196 venisse:
1043 1139 1123 1197 circa

152 1221 323 1274 “summum
337 1218 453 1274 culmen
475 1217 600 1276 hominis
621 1217 782 1292 auspicium
802 1216 906 1274 fecisse
918 1237 928 1273 ε·
946 1212 1055 1274 lesisse
1069 1218 1122 1276 hu·

152 1300 170 1327 “
183 1314 270 1352 mano
294 1297 505 1371 superpositum
526 1296 614 1371 capiti
628 1296 728 1368 decus,
744 1307 775 1354 ut
797 1295 936 1353 divinitus
949 1296 1044 1353 eidem
1057 1297 1123 1354 red-

152 1383 171 1410 “
180 1374 291 1432 deret.”
333 1375 396 1432 Has
409 1394 474 1450 spes
485 1375 730 1450 cogitationesque
742 1393 842 1432 secum
855 1385 1012 1452 portantes,
1021 1375 1123 1432 urbem

149 1453 273 1528 ingressi
283 1464 374 1523 suut3
396 1454 599 1528 domicilioque
621 1450 856 1532 ibi'coinparato,
878 1453 912 1510 L.
929 1451 1123 1529 Tarquinium

113 1527 284 1590 15Priscu'm
308 1533 430 1588 edidere
448 1551 564 1598 nomen.
604 1532 747 1590 Romanis
760 1533 951 1606 conspicuum
964 1551 1031 1589 eum
1044 1533 1124 1591 novi·

148 1621 195 1667 tas
210 1611 376 1685 divitiaeque
390 1609 554 1666 faciebant:
575 1620 604 1670 et
616 1610 678 1684 ipse
692 1610 836 1668 fortunam
849 1611 977 1686 benigno
990 1611 1124 1684 alloquio,

148 1688 290 1746 comitate
305 1689 457 1756 invitandi,
478 1687 694 1762 beneficiisque,
715 1707 785 1762 quos
805 1698 925 1766 poterat,
940 1687 995 1745 sibi
1009 1688 1128 1746 concili·

65 1824 68 1830 ,
150 1767 237 1834 ando,
254 1767 428 1842 adjuvabat3
450 1766 545 1824 donec
559 1767 589 1824 in
613 1767 722 1842 regiam
746 1785 857 1842 quoque
881 1766 918 1822 de
931 1766 1128 1842 eo'samaper·

149 1846 209 1903 latu
230 1856 293 1903 est:
328 1845 518 1920 notitiamque
539 1865 604 1902 eam
627 1845 715 1918 brevi,
741 1843 819 1920 apud
846 1863 955 1920 regem.
971 1845 1126 1904 liberaliter

114 1949 143 1989 ω
152 1925 312 1999 dextraque
324 1925 461 1982 obeundo
483 1924 588 1992 officia,
603 1925 635 1980 iu
650 1922 797 1981 familiaris
818 1923 952 1982 amicitie
966 1925 1126 1983 adduxerat

148 2004 226 2080 jura,
241 2015 273 2059 ut
290 2002 419 2079 'publicis
436 2003 598 2077 pariter-ac
619 1997 736 2079 privatis
757 2002 887 2060 consiliis
901 2003 975 2061 bello
988 2003 1123 2079 domique

152 2083 325 2152 interesset3
354 2093 392 2150 et,
413 2101 462 2157 per
486 2082 584 2140 omnia
606 2091 750 2156 expertus,
774 2079 917 2158 postremd
935 2091 1010 2141 tutor
1035 2083 1123 2140 etiam
1209 2121 1212 2128 -

152 2161 252 2219 liberis
265 2161 341 2237 regis
355 2171 526 2218 testamento
539 2159 743 2243 institueretur.
763 2172 810 2268 q<
943 2161 954 2166 “

45 2379 49 2388 ,
94 2275 136 2377 fs
196 2319 324 2378 XXXV.
344 2321 492 2398 Regnavit
516 2321 619 2378 Ancus
632 2340 725 2379 armos
738 2331 859 2397 quatuor
872 2331 902 2378 et
915 2317 1027 2396 viginti,
1042 2320 1126 2379 cuili-

118 2409 144 2448 25
154 2399 204 2456 bet
218 2401 393 2476 superiorum
407 2400 590 2475 regumbelli
603 2400 740 2474 pacisque
754 2410 783 2456 et
797 2400 906 2456 artibus
919 2411 948 2456 et
962 2399 1051 2474 gloria
1064 2418 1125 2474 par..

153 2478 221 2548 lam
234 2479 285 2536 filii
298 2499 386 2554 prope
399 2480 540 2553 puberem
554 2487 667 2534 aetatem
688 2486 771 2556 erant
782 2496 798 2544 z⁴
810 2475 846 2532 eb
860 2477 953 2550 magis
971 2473 1126 2549 Tarquini-

154 2576 188 2614 us
201 2558 317 2630 instare,
338 2567 371 2614 ut
392 2557 479 2632 quim
501 2553 624 2631 primum
646 2554 763 2612 comitia
785 2554 848 2628 regi
872 2554 998 2610 creando
1016 2553 1127 2614 fierent.
1184 2588 1187 2594 ·

137 2653 140 2659 ’
152 2635 270 2697 Quibus
283 2635 412 2708 indictis,
425 2635 482 2691 sub
503 2645 616 2707 tempus
637 2641 897 2711 puerossvenatum
911 2630 1069 2706 ablegavit:
1091 2631 1128 2690 is-

152 2733 209 2788 que
230 2717 338 2790 primus
351 2725 381 2772 et
404 2714 510 2791 petisse
525 2710 673 2770 ambitiose
697 2727 830 2784 regnum,
844 2720 874 2766 et
886 2709 1043 2767 orationem
1057 2710 1128 2770 dici·

119 2803 199 2850 aotur
223 2795 357 2852 habuisse
383 2794 419 2850 ad
444 2791 644 2866 conciliandos
664 2789 758 2865 plebis
782 2789 893 2847 animos
916 2783 1124 2866 compositam:
1194 2825 1198 2830 ·

153 2892 253 2947 quum,
269 2883 331 2929 “se
346 2891 404 2930 non
425 2891 486 2929 rem
508 2889 612 2928 novam
625 2879 744 2944 petere3
764 2869 868 2943 quippe
881 2868 930 2944 qui
944 2888 1003 2927 non
1017 2870 1126 2944 primus

154 2961 174 2988 “
188 2950 280 3028 (quod
290 2951 439 3024 quisquam
452 2947 597 3025 indignari
610 2948 742 3012 mirarive
755 2949 876 3025 posset),
888 2947 939 3004 sed
953 2947 1053 3006 tertius
1066 2950 1128 3007 Ro-

154 3039 174 3066 ‘⁴
187 3048 244 3086 mae
256 3027 424 3104 peregrinus
447 3048 569 3105 regnum
584 3027 718 3086 affectet:
740 3037 769 3084 et
783 3026 902 3084 Tatium
916 3046 976 3084 non
997 3045 1034 3084 ex
1046 3046 1127 3104 pere·

154 3107 270 3183 “grino
283 3108 385 3181 solum,
407 3107 460 3172 sed
478 3108 566 3164 etiam
589 3126 626 3164 ex
640 3107 731 3179 hoste,
752 3125 849 3181 regem
872 3105 1000 3174 factum:
1021 3115 1050 3164 et
1063 3107 1128 3166 Nu·

118 3197 274 3255 ts“mam‚
289 3187 422 3264 ignarum
443 3187 533 3255 urbita,
548 3205 606 3244 non
630 3195 786 3260 petentem,
800 3185 832 3242 in
849 3203 971 3260 regnum
992 3185 1067 3243 ultro
1081 3207 1128 3246 ac-

155 3269 176 3297 “
187 3266 286 3324 citum.
309 3267 359 3334 Se,
373 3286 411 3323 ex
420 3284 480 3340 quo
501 3265 545 3322 sui
559 3274 660 3340 potens
673 3263 907 3332 fuerit‚‚Romam
921 3281 990 3321 cum
1003 3266 1128 3343 conjuge
1211 3274 1213 3280 ’

155 3349 174 3376 “
184 3362 218 3402 ac
233 3345 355 3404 fortunis
368 3345 503 3402 omnibus
516 3343 721 3418 commigrasse
734 3363 740 3400 :
761 3343 899 3418 majorem
912 3352 1022 3416 partem
1036 3346 1129 3403 aetatis

156 3415 330 3500 “ejusjquafr
344 3423 476 3484 civilibus
497 3422 600 3480 officiis
621 3422 779 3498 fungantur
800 3421 942 3488 homines,
957 3421 1061 3478 Romae
1085 3441 1127 3487 se,

155 3505 174 3534 “
185 3502 274 3578 quam
288 3501 319 3557 in
333 3511 427 3558 vetere
447 3502 548 3577 patrib,
562 3501 687 3558 vixisset
706 3498 784 3559 domi
803 3499 969 3573 militiaque
983 3499 1036 3555 sub
1051 3496 1129 3552 haud

120 3595 145 3634 to
157 3589 175 3618 ‘⁴
186 3580 357 3658 poenitendo
380 3575 611 3656 magistro‚'ipso
632 3579 720 3637 Anco
743 3597 822 3654 rege,
844 3578 981 3633 Romana
1001 3592 1032 3663 se
1044 3572 1129 3654 jura,

157 3668 177 3696 “
187 3660 339 3719 Romanos
359 3659 431 3717 ritus
456 3659 602 3716 didicisse.
643 3656 792 3730 Obsequio
807 3665 836 3724 et
849 3654 1029 3710 observantia
1043 3662 1073 3724 in
1087 3660 1132 3695 re-

158 3741 176 3770 “
188 3730 254 3814 gem
276 3758 345 3798 cum
365 3737 512 3809 omnibus,
532 3734 714 3812 benignitate
728 3751 799 3808 erga
812 3731 883 3786 alios
897 3739 965 3779 cum
978 3731 1046 3786 rege
1060 3731 1132 3784 19¹0,
