2520 4310
1 3655 4 3754 l

406 423 412 440 ,
430 358 536 409 LIBER
551 357 662 409 xxvn.
679 371 742 408 cur.
758 371 858 407 xnrrrr.
1064 345 1134 420 ’Μ

201 498 330 562 XLVII.
351 503 417 560 Jam
439 502 535 561 hostes
559 513 625 560 ante
646 511 741 559 eastra
764 463 895 558 instructi
909 497 1030 558 stabant.
1071 499 1136 580 Meg

163 600 225 640 ram
239 601 344 658 pugnae
363 582 467 649 attulit,
491 580 566 656 quod
588 578 763 646 Hasdrubal,
787 588 941 654 prouectus
962 590 1034 647 ante,
1051 579 1135 656 signa

122 661 124 666 ’
165 677 237 717 eum
255 661 355 735 paucis
379 661 533 736 equitibus,
558 669 640 716 scuta
664 669 760 716 vetera
782 657 905 714 hostium
930 657 1048 724 notavit,
1071 675 1135 731 qua

166 739 232 794 ante
247 757 305 796 non
320 739 438 812 viderat,
457 751 486 796 et
509 738 687 819 strigosiores
710 755 818 810 equos:
847 728 1000 810 multitudo
1023 753 1135 811 quoque
1215 757 1222 770 ⁸

142 817 256 892 amajor
270 818 351 876 solita
365 819 425 875 visa
438 827 489 874 est.
532 813 701 891 Suspicatus
713 815 793 872 enim
806 814 846 883 id,
860 815 935 889 quod
954 825 1023 884 erat,
1038 832 1136 890 recep·

134 959 136 962 ¹
165 895 208 951 tui
221 897 339 970 propere
354 896 472 969 cecinit,
486 914 521 953 ac
545 895 633 968 misit¹
646 896 682 951 ad
706 893 825 966 flumen,
840 894 917 950 unde
941 892 1135 967 aquabantur:

59 1039 62 1046 Ι
166 972 217 1031 ubi
230 985 259 1031 et
283 975 376 1050 excipi
401 975 487 1049 aliqui
511 982 637 1050 possent,
659 972 802 1030 et-notari
825 971 928 1038 oculis,
953 972 977 1028 si
1001 971 1050 1046 qui
1064 971 1136 1028 forte

165 1051 317 1124 adustioris
341 1053 454 1124 coloris,
478 1064 510 1109 nt
530 1071 567 1108 ex
580 1050 690 1109 recenti
704 1049 762 1121 viai,
776 1059 891 1119 essent;
913 1049 997 1106 simul
1011 1050 1136 1108 circum·

165 1119 342 1202 velii'p'rocul
367 1139 460 1186 castra
479 1129 563 1204 jubet
586 1127 795 1204 specularique,
820 1146 890 1186 num
907 1137 1026 1186 auctum
1040 1127 1137 1202 aliqud

131 1216 155 1256 1⁰
164 1197 243 1280 pferte
257 1207 293 1264 sit
306 1207 411 1272 vallum
424 1213 481 1264 :et
495 1217 526 1264 ut
540 1207 699 1272 attendant,
714 1205 802 1263 semel
817 1205 899 1263 bisne
919 1206 1035 1280 signum
1049 1217 1137 1264 canat

164 1283 195 1340 in
208 1285 317 1340 austria.
359 1285 404 1340 Ea
417 1304 504 1358 quum
515 1285 616 1342 ordine
630 1285 728 1341 omnia
740 1284 829 1342 relata
842 1296 946 1354 essent,
961 1294 1055 1341 castra
1063 1284 1135 1342 nihil
1174 1341 1175 1348 ,
1257 1311 1258 1326 ¹

165 1371 388 1418 auctaerrorem
403 1363 555 1419 faciebant.
596 1361 671 1419 Bina
693 1373 784 1429 erant,
799 1363 874 1420 sicut
895 1373 961 1420 ante
982 1364 1137 1420 adventum

166 1439 294 1496 consulis
319 1439 434 1496 alterius
458 1439 589 1508 fuerant3
611 1458 671 1496 una
691 1439 732 1496 M.
747 1441 831 1508 Livii,
857 1442 955 1498 altera
969 1441 1003 1496 L.
1019 1439 1135 1498 Porcii:

167 1517 276 1574 neutris
289 1517 455 1592 quidquam,
480 1536 536 1591 quo
559 1517 644 1574 latitis
658 1518 832 1589 tenderetur,
846 1520 883 1574 ad
896 1519 1076 1576 munimenta
1088 1521 1138 1577 ad·

29 1631 33 1638 v
132 1605 158 1645 15
165 1594 293 1669 jectum·
325 1596 401 1652 Illud
425 1605 550 1652 veterem
572 1596 677 1652 ducem
701 1605 901 1669 assuetumque
915 1597 1049 1655 Romano
1062 1599 1137 1657 hosti

166 1673 265 1745 movit,
278 1672 354 1748 qubd
368 1675 457 1730 semel
471 1674 500 1731 in
523 1672 661 1749 pretoriis
675 1674 776 1731 castris
795 1674 919 1748 signum,
933 1675 976 1730 bis
990 1675 1021 1730 in
1035 1693 1139 1732 consu-

105 1757 109 1766 '
167 1748 275 1808 laribus
289 1752 451 1810 referebant
474 1753 636 1814 cecinisse:
657 1753 728 1809 duos
749 1751 876 1826 profecto
900 1753 1034 1822 consules
1054 1771 1137 1824 esse;

167 1838 345 1904 etquenam
360 1822 445 1889 modo
468 1832 538 1889 alter
561 1832 597 1888 ab
612 1830 778 1889 Hannibale
796 1831 990 1897 abscessisset,
1005 1851 1076 1889 cura
1089 1827 1155 1890 an?

167 1907 261 1982 gebat.
303 1909 427 1967 Minime
452 1911 491 1978 id,
506 1911 581 1985 quod
605 1919 676 1978 erat,
699 1909 838 1984 suspicari
862 1919 979 1984 poterat,
995 1919 1081 1966 tantae
1094 1910 1138 1968 rei
1161 1911 1167 1966 ’.
1257 1909 1258 1956 ἓ

132 1995 158 2036 2⁰
168 1984 349 2045 frustratione
371 1989 567 2049 Hannibalem
588 1988 710 2061 elusum,
725 1997 766 2054 ut,
781 1987 830 2044 ubi
843 1989 913 2055 dux,
928 1989 977 2045 ubi
991 1989 1139 2047 exercitus

68 2116 71 2126 .
144 2119 146 2123 .
167 2074 253 2130 esset,
267 2084 334 2122 cum
359 2086 416 2141 quo
439 2079 533 2125 castra
551 2067 655 2125 collata
668 2067 796 2139 haberet,
808 2067 962 2141 ignoraret.
1003 2066 1138 2126 Profecti)

167 2140 244 2199 haud
259 2145 395 2204 mediocri
410 2147 491 2204 clade
516 2139 697 2204 absterritum
719 2145 831 2220 insequi
842 2163 903 2202 :non
918 2163 1039 2204 ausum:
1060 2164 1140 2222 mag·

166 2238 272 2296 nopere
296 2223 397 2296 vereri,
411 2225 580 2300 neperditis
603 2226 690 2282 rebus
710 2243 807 2282 serum
820 2224 881 2298 ipse
895 2224 1033 2281 auxilium
1048 2225 1140 2282 venis-

138 2357 140 2363 ,
166 2307 227 2367 set3
248 2300 446 2375 Romanisque
469 2304 572 2360 eadem
593 2303 653 2378 jam
668 2303 781 2360 fortuna
794 2303 825 2358 in
840 2302 934 2374 ltalia,
948 2321 1011 2377 quae
1026 2303 1056 2359 in
1071 2302 1140 2363 His·

132 2376 263 2451 spania,
278 2389 360 2434 esset.
402 2379 562 2446 Interdum,
583 2381 681 2437 literas
694 2399 760 2436 suas
782 2381 898 2437 adeum
923 2400 981 2438 non
995 2380 1140 2454 pervenis·

167 2471 208 2523 se,
223 2453 357 2510 credere:
379 2455 600 2529 interceptisque
624 2457 669 2522 iis,
683 2457 831 2516 consulem
852 2459 889 2514 ad
903 2476 966 2514 sese
979 2453 1140 2531 opprimen-

167 2531 439 2588 dumaccelerfasse.
481 2531 662 2589 His'anxius
684 2533 771 2604 curis,
785 2535 933 2591 exstinctis
957 2535 1082 2608 ignib'us,
1101 2536 1141 2593 vi·
1214 2569 1215 2572 =
1257 2577 1258 2588 ,

167 2608 237 2684 gilit
251 2609 344 2684 prima
364 2611 431 2672 dato
452 2609 545 2686 signo,
559 2619 591 2666 ut
604 2609 684 2667 taciti
697 2629 764 2667 vase
778 2611 955 2685 colligerent,
976 2613 1060 2686 signa
1073 2613 1141 2672 ferri

164 2687 258 2763 jussit.
301 2687 336 2745 In
360 2689 550 2764 trepidatione
574 2698 603 2746 et
624 2697 766 2746 nocturno
789 2688 914 2746 tumultu
935 2690 1025 2754 duces
1038 2708 1140 2764 parum

134 2764 279 2826 cointentd
294 2767 439 2840 asservati,
454 2768 525 2824 alter
539 2767 569 2824 in
583 2766 734 2824 destinatis
751 2767 810 2841 jam
831 2766 898 2824 ante
914 2768 1010 2826 animo
1024 2768 1140 2828 latebris

168 2844 306 2918 subsedit,
331 2847 401 2903 alter
422 2865 472 2922 per
496 2846 569 2902 vada
592 2856 661 2903 nota
685 2845 850 2902 Metaurum
865 2846 981 2910 ,flumen
1008 2849 1139 2908 tranavit.

168 2921 214 2978 Ita
238 2924 382 2981 desertum
398 2944 424 2981 a
447 2925 570 2981 ducibus
594 2943 699 3001 agmen
721 2922 813 2998 primo
837 2941 888 2998 per
912 2945 995 3001 agros
1012 2929 1138 3002 palatur3

169 2998 292 3075 fessique
316 3002 423 3076 aliquot
443 3022 544 3060 somno
568 3021 602 3060 ac
626 2999 730 3078 vigiliis
744 3013 875 3060 sternunt
891 3023 1009 3084 corpora
1022 3008 1139 3080 passim,

168 3087 253 3153 atque
267 3079 458 3154 infrequentia
481 3082 647 3157 relinquunt
667 3081 758 3156 algua.
801 3081 976 3156 Hasdrubal,
1001 3085 1070 3142 dum
1090 3086 1140 3144 lux

134 3156 243 3218 saviam
256 3160 429 3233 ostenderet,
453 3159 517 3236 ripft
540 3159 667 3218 fluminis
681 3161 764 3238 signa
778 3159 844 3241 fer'ri
855 3161 938 3236 jubet
949 3181 963 3234 3¹
979 3172 1012 3234 et,
1021 3182 1070 3236 per
1085 3175 1141 3222 tor·

168 3236 242 3294 tuosi
264 3238 357 3295 amnis
371 3239 451 3296 sinus
471 3237 618 3314 flexusque
642 3257 766 3297 errorem
788 3240 913 3306 volvens,
928 3240 1003 3296 haud
1019 3240 1140 3300 multdm
1169 3238 1173 3259 '

167 3315 316 3389 prooessit,
341 3316 390 3372 ubi
404 3317 496 3390 prima
519 3316 568 3374 lux
581 3317 732 3374 transitum
745 3317 943 3393 ¹opportunum
957 3319 1140 3391 ostendisset,

168 3391 347 3449 transiturus.
390 3393 450 3450 Sed
464 3412 561 3466 quum,
586 3395 723 3468 quanttim
739 3393 844 3474 [mare]
861 3396 1046 3467 abscedebat,
1059 3394 1139 3452 ta'ntb

138 3513 143 3520 .
169 3469 316 3528 altioribus
332 3471 543 3528 ‚coercentibus
566 3489 680 3530 amnem
701 3473 780 3548 ripis,
805 3492 864 3532 non
889 3473 1031 3532 inveniret
1056 3473 1139 3542 vada,

135 3547 247 3610 nodiem
259 3548 380 3606 terendo
393 3548 516 3628 spatium
529 3549 613 3609 de'dit'
621 3551 657 3610 ad
671 3551 881 3628 insequendum
899 3569 963 3608 sese
976 3549 1059 3609 hosti.

163 3743 167 3750 ·
208 3704 353 3764 XLVIII.
367 3705 455 3764 ‘Nero
467 3706 589 3780 primiim
602 3727 670 3786 cum
683 3709 763 3767 omni
776 3708 903 3782 equitatu
918 3707 1042 3764 advenit.
1073 3707 1141 3769 Por·

169 3783 233 3843 cius
254 3782 360 3842 deinde
381 3795 530 3844 assecutus
553 3804 622 3846 cum
645 3787 702 3847 leti
715 3786 868 3846 armaturis.
908 3783 972 3848 Qui
984 3804 1073 3870 quum
1087 3787 1142 3851 fes·
