2556 4314
460 331 569 383 LIBER
585 323 605 386 1'.
623 346 686 384 car.
703 348 805 384 rnrrrr.
1080 333 1120 391 45

146 463 309 549 “quinium
331 486 411 536 creat
431 487 572 552 vocatque
595 495 703 552 regem.
755 477 816 533 Aut
839 476 863 533 si
887 475 923 532 ad
937 477 999 533 hac
1015 494 1117 551 parum

145 561 222 611 “est
244 554 345 626 animi,
366 555 439 629 quid
458 554 601 612 frustraris
625 555 794 612 civitatem?
826 554 895 630 quid
919 564 947 612 te
961 564 993 611 ut
1005 555 1116 631 regium

144 632 315 708 “juvenem
336 633 469 709 conspici
493 633 586 691 sinist
627 634 753 692 Facessa
777 633 847 691 hinc
870 632 1056 708 Tarquinios,
1069 644 1140 696 aut.

143 720 164 748 ‘⁸
176 701 362 771 Corinthum.
387 713 563 770 Devotvere
585 723 660 788 retro
684 713 720 770 ad
741 713 869 788 stirpem,
893 712 972 770 fratri
993 711 1120 784 similior,
1208 755 1223 764 .

119 793 162 837 ⁵“
176 791 267 866 quim
279 792 379 867 patri.''
420 791 477 849 His
497 792 616 867 aliisque
638 792 821 867 ,increpando
841 792 978 868 juvenem
993 790 1121 868 instigat,

140 888 204 926 nec
220 867 422 945 conquiescere
433 871 495 946 ipsa
508 879 619 947 potest3
641 871 665 928 si
681 871 784 948 (quum
798 869 954 946 Tanaquil,
968 869 1122 948 peregrina

142 949 259 1020 mulier,
276 950 386 1008 tanturn
400 951 493 1008 moliri
506 950 646 1026 potuisset
666 951 773 1018 animo,
788 960 819 1007 ut
832 952 890 1008 duo
903 950 1044 1009 continua
1056 969 1120 1026 reg·

142 1045 181 1082 na
195 1022 266 1094 viro,
288 1047 323 1086 ac
344 1029 483 1104 deinceps
506 1048 625 1105 genero,
647 1030 788 1107 dedisset)
810 1029 881 1104 ipsa,
906 1029 987 1105 regio
1007 1030 1120 1098 semine

141 1115 214 1178 orta,
229 1101 341 1164 nullum
354 1119 533 1170 momentum
548 1108 577 1165 in
601 1109 698 1166 dando
712 1108 922 1184 adimendoque
936 1127 1027 1184 regno
1040 1108 1118 1165 sace·

109 1200 132 1239 ro
142 1194 194 1241 ret.
238 1185 293 1242 His
306 1187 495 1244 muliebribus
508 1187 662 1245 instinctus
675 1187 758 1245 furiis
771 1186 948 1262 Tarquinius
961 1186 1116 1245 circumire

140 1273 170 1320 et
183 1279 331 1338 prensare,
353 1266 497 1324 minorum
517 1267 641 1323 maxime
662 1267 803 1343 gentium,
818 1266 938 1335 Patres3
959 1267 1115 1324 admonere

139 1344 255 1416 paterni
269 1344 414 1416 beneficii,
429 1364 463 1402 ac
476 1364 528 1420 pro
541 1359 576 1402 eo
589 1346 711 1421 gratiam
731 1355 860 1420 repetere
872 1365 880 1414 3
902 1346 1017 1403 allicere
1032 1343 1117 1401 donis

136 1420 281 1495 juvenes:
303 1433 365 1480 tum
389 1424 426 1480 de
441 1443 471 1480 se
485 1423 616 1498 ingentia
635 1424 808 1498 pollicendo,
822 1435 884 1481 tum
897 1425 974 1499 regis
987 1423 1116 1480 crimini·

139 1499 204 1568 bus,
221 1501 357 1559 omnibus
379 1501 452 1559 locis
476 1520 626 1558 crescere:
646 1501 799 1576 postremd,
814 1511 846 1558 ut
866 1502 926 1577 jam
939 1501 1059 1578 ageudae
1072 1497 1115 1558 rei

106 1592 128 1630 15
138 1587 259 1654 tempus
272 1579 368 1636 visum
382 1590 435 1646 est,
450 1580 571 1655 stipatus
592 1580 706 1654 agmine
731 1590 914 1651 armatorum,
927 1580 958 1636 in
974 1581 1067 1637 sorum
1080 1579 1117 1636 ir·

136 1658 239 1732 rupit:
261 1657 340 1730 inde,
364 1658 499 1716 omnibus
521 1657 661 1733 perculsis
683 1676 797 1733 pavore,
821 1658 852 1714 in
874 1658 954 1732 regia
974 1659 1042 1714 sede
1065 1675 1117 1732 pro

137 1735 224 1793 curia
252 1737 369 1804 sedens,
395 1737 495 1794 Patres
518 1737 549 1794 in
573 1736 684 1793 curiam
704 1755 756 1811 per
769 1754 932 1811 praeconem
956 1737 993 1792 ad
1016 1753 1115 1812 regem

138 1812 335 1889 Tarquinium
359 1815 442 1872 citari
463 1815 557 1890 jussit.
609 1814 779 1872 Convenere
806 1814 960 1889 externplo,
984 1813 1032 1871 alii
1055 1814 1115 1890 jam

137 1893 205 1949 ante
231 1894 268 1950 ad
291 1893 346 1950 hoc
369 1893 530 1968 praeparati,
556 1893 604 1950 alii
628 1903 717 1961 metu,
743 1911 781 1950 ne
804 1912 864 1950 non
886 1893 998 1950 venisse
1020 1892 1113 1950 fraudi

107 1981 227 2038 coesset,
243 1971 368 2029 novitate
382 1991 417 2028 ac
431 1971 570 2028 miraculo
584 1971 707 2038 attoniti,
726 1981 756 2028 et
776 1971 837 2047 jam
851 1972 887 2028 de
902 1971 1001 2030 Servio
1014 1981 1112 2028 actum

138 2049 200 2107 rati.
259 2041 307 2106 Ibi
327 2049 513 2125 Tarquinius,
538 2049 694 2108 maledicta
719 2050 756 2106 ab
777 2051 865 2126 stirpe
886 2051 987 2108 ultimd
1009 2070 1091 2108 orsus
1103 2070 1110 2120 ;

140 2137 158 2166 “
170 2130 305 2198 Servum,
320 2132 456 2206 servaque
470 2141 579 2199 natum,
593 2140 658 2206 post
682 2138 802 2187 mortem
820 2129 970 2206 indignam
983 2129 1111 2206 parentis

140 2208 224 2279 “sui,
238 2210 295 2266 non
317 2209 492 2294 interregno,
507 2220 646 2279 mantea,
669 2209 751 2282 inito,
766 2228 825 2267 non
847 2210 972 2269 comitiis
994 2207 1110 2280 habitis,

138 2290 227 2344 “non
241 2307 290 2362 per
304 2289 471 2366 suffragium
482 2290 589 2366 populi,
603 2309 663 2348 non
675 2289 841 2347 auctoribus
853 2288 997 2360 Patribus,
1012 2287 1112 2344 mulie·

107 2373 156 2416 ἓν*
169 2365 216 2422 bri
240 2367 313 2425 dono
336 2388 459 2445 regnum
472 2371 640 2445 occupasse.
682 2368 728 2424 Ita
741 2379 852 2440 natum,
865 2368 906 2425 ita
919 2377 1048 2426 creatum
1067 2385 1112 2424 re-

138 2454 246 2522 “gem,
260 2446 401 2512 fautorem
423 2448 516 2505 infimi
539 2447 655 2524 generis
676 2445 837 2512 hominum,
852 2465 888 2502 ex
908 2465 965 2520 quo
989 2445 1050 2520 ipse
1064 2445 1110 2516 sit,

138 2525 235 2582 “odio
259 2527 361 2584 alienae
382 2527 542 2584 honestatis
566 2535 697 2600 ereptum
719 2524 893 2599 primoribus
907 2539 1009 2598 agrum
1023 2522 1113 2579 sordi·

138 2603 285 2663 “dissimo
308 2606 415 2681 cuique
437 2605 588 2663 divisisse:
619 2604 719 2662 omnia
741 2621 839 2674 onera,
863 2621 927 2677 quae
945 2599 1112 2658 communia

138 2691 155 2718 ‘⁶
166 2685 313 2758 quondam
327 2685 446 2759 suerint,
460 2683 671 2742 inclinisse'in
685 2681 824 2756 primores
838 2680 978 2745 civitatis:
998 2679 1112 2737 institu-

107 2765 153 2818 ar“
165 2762 223 2819 isse
237 2782 368 2837 censum,
381 2775 412 2822 ut
425 2761 549 2840 insignis
563 2763 600 2820 ad
614 2760 752 2820 invidiam
765 2761 984 2836 locupletiorum
995 2759 1111 2826 ‚fortuna

137 2849 154 2876 “
162 2852 250 2912 esset,
265 2853 294 2901 et
307 2853 415 2919 parata,
429 2845 519 2918 unde,
538 2843 597 2923 ubi'
612 2841 707 2914 vellet,
722 2840 914 2918 egentissimis
927 2839 1109 2920 largiretur.'’

172 2999 319 3060 XLVIII.
341 3001 421 3059 Huic
443 3001 564 3060 orationi
590 3002 707 3058 Servius
727 3019 816 3076 quum
829 2999 1040 3071 intervenisset,
1054 3009 1112 3055 tre-

134 3079 203 3153 pido
225 3080 327 3137 nuntio
350 3075 500 3154 excitatus,
524 3080 668 3156 externplo
692 3099 709 3136 a
730 3080 870 3138 vestibulo
891 3079 979 3136 curiae
1002 3079 1109 3155 magnai

134 3175 215 3225 voce,
240 3158 351 3220 “Quid
365 3161 450 3234 hoc,’'
470 3161 574 3234 inquit,
600 3164 618 3192 “
631 3154 783 3234 Tarquini,
797 3159 839 3216 rei
857 3159 923 3216 estl
944 3160 1000 3233 qud
1014 3169 1046 3214 tu
1060 3175 1110 3214 au·

106 3239 158 3314 Μ
165 3237 257 3304 dacia,
273 3244 319 3296 ine
343 3240 417 3311 rivo,
431 3258 535 3297 vocare
557 3257 645 3296 ausus
668 3257 700 3299 es
723 3238 834 3311 Patres,
849 3238 941 3296 autin
956 3237 1026 3294 sede
1040 3254 1109 3296 con·

103 3327 105 3332 '
136 3324 154 3350 ‘⁴
167 3315 261 3373 sidere
286 3319 352 3374 med
364 3320 375 3373 l
386 3318 405 3344 '⁹
445 3317 546 3380 Quum
562 3318 609 3376 ille
624 3317 756 3375 ferociter
773 3318 809 3374 ad
831 3318 904 3386 haec,
927 3327 946 3353 “
957 3317 996 3372 Se
1019 3315 1108 3389 patris

136 3395 208 3452 “sui
232 3406 333 3452 tenere
358 3396 467 3468 sedem,
490 3396 591 3470 multo,
605 3397 690 3472 quam
714 3415 838 3470 servum,
851 3396 992 3473 potiorem
1016 3392 1108 3450 filium

135 3473 243 3548 “regis
265 3474 348 3549 regni
370 3475 537 3532 haeredema
555 3477 624 3534 satis
647 3475 729 3533 illum
750 3476 801 3533 diu
821 3495 871 3551 per
885 3473 1035 3532 licentiam
1049 3469 1109 3554 elu-

136 3553 281 3610 “dentem
295 3552 447 3611 insultasse
461 3555 603 3624 dominis;
616 3556 632 3584 ’³
655 3556 762 3613 clamor
777 3555 814 3610 ab
831 3555 980 3626 utriusque
994 3550 1110 3604 santorr-

106 3629 187 3688 tubus
200 3631 303 3706 oritur,
318 3642 348 3690 et
362 3623 521 3691 concursus
533 3634 630 3710 populi
644 3634 732 3690 fiebat
745 3632 776 3690 in
790 3634 921 3690 curiam:
943 3621 1110 3702 apparebat·

134 3727 187 3783 que
201 3719 400 3787 regnaturum,
411 3713 460 3787 qui
474 3713 599 3770 vicisset.
641 3712 721 3769 Turn
735 3709 925 3782 Tarquinius,
935 3701 1109 3775 necessitate

132 3786 188 3868 jam
210 3790 270 3868 ipra
284 3801 409 3874 cogente
434 3791 536 3856 ultima
559 3791 677 3856 audere,
698 3785 790 3844 multo
811 3794 841 3844 et
862 3786 945 3837 atate
960 3779 989 3826 et
1002 3763 1110 3822 vlrlbus
