2556 4314
118 307 139 368 8
227 341 229 344 -
515 283 690 356 tinnivit

100 457 230 524 ‘poterat
243 447 353 518 amnis3
375 456 414 520 et,
435 465 518 524 posse
539 446 669 522 quamvis
691 443 830 522 languida
853 442 945 520 mergi
962 446 1051 537 aqua
1050 445 1096 504 in-

118 527 222 596 sentes,
237 545 318 603 spem
341 519 499 584 ferentibus
520 526 626 584 dabat.
647 526 697 597 ita,
710 526 788 583 velut
808 524 948 582 defuncti
946 525 1029 601 regis
1043 525 1096 582 im·

117 607 208 682 perio,
231 607 263 664 in
286 605 415 681 proximat
443 605 561 673 alluvie,
582 605 633 662 ubi
654 623 734 663 nunc
760 605 833 662 licus
856 599 1024 661 Ruminalis
1050 612 1096 661 est

120 682 323 776 (Romularem
337 694 467 742 vocatam
480 684 713 764 ferunt),puer0s
726 692 881 758 exponunt.
923 682 1022 740 Vastae
1032 690 1095 740 turn

119 764 150 821 in
164 763 200 821 iis
212 764 284 823 locis
297 764 466 822 solitudines
479 773 573 821 erant«
611 762 710 820 Tenet
722 763 808 835 fama,
829 779 940 852 quum
931 759 1095 820 fluitantem
1117 778 1130 818 ⁵
1147 801 1150 806 ·

94 842 243 915 alveum,
276 859 334 918 quo
354 843 474 932 expositi
498 852 581 898 erant
611 841 701 917 pueri,
730 841 825 898 tenuis
857 841 887 909 in
918 839 999 898 sicco
1021 859 1095 916 aqua

119 919 295 979 destituisset
298 921 416 1012 ,lupam
430 920 584 991 sitientem,
599 939 637 976 ex
649 920 795 977 montibus
808 939 857 994 qur
849 901 951 982 circa
965 929 1043 986 sunt,
1058 919 1094 978 ad

117 998 258 1090 puerilem
271 1001 398 1076 vagitum
412 1017 529 1056 cursum
541 998 672 1056 flexisse:
686 1017 750 1056 eam
765 998 922 1056 submissas
935 997 1096 1056 infantibus

118 1079 193 1136 adeb
203 1079 304 1136 mitem
312 1079 474 1154 prebuisse
489 1097 638 1146 mammas,
650 1088 682 1136 ut
691 1078 790 1154 lingua
803 1071 979 1139 lambentem
989 1087 1095 1162 pueros

118 1157 255 1234 magister
275 1157 348 1234 regii
364 1157 485 1233 pecoris
506 1157 657 1215 invenerit.
711 1157 850 1236 Faustulo
873 1156 963 1213 suisse
986 1171 1131 1214 nomento

119 1235 236 1294 ferunt:
256 1237 299 1293 ab
315 1255 352 1294 eo
375 1237 412 1294 ad
436 1236 547 1294 stabula
568 1236 712 1295 Larentia
735 1255 817 1294 uxori
809 1234 998 1292 'educandos
1011 1234 1093 1307 latos.

118 1316 204 1382 Sunt,
218 1316 268 1390 qui
282 1315 458 1386 Larentiam,
485 1317 598 1392 vulgato
622 1335 751 1392 empore,
765 1315 885 1391 lupam'
878 1324 953 1374 inter
965 1327 1094 1389 pastores

118 1404 249 1452 vocamm
269 1405 392 1470 putent:
427 1393 495 1451 inde
516 1394 613 1454 locum
638 1395 741 1452 fabule
763 1405 797 1452 ao
822 1393 962 1450 miraculo
984 1394 1093 1450 datum.

118 1471 164 1530 Ita
177 1473 279 1548 geniti,
301 1473 397 1548 itaque
410 1474 537 1547 educati,
560 1493 648 1549 quum
663 1472 785 1550 ριιιιιιιιιι
800 1472 924 1530 adolevit
937 1481 1015 1540 aetas,
1037 1491 1094 1529 nec

117 1551 148 1610 in
162 1553 283 1610 stabulis
303 1571 359 1610 nec
380 1553 416 1610 ad
430 1571 537 1627 pecora
557 1572 671 1628 segnes,
696 1553 828 1633 venando
849 1569 1001 1628 peragrare
1015 1550 1130 1608 circa1⁵

117 1631 215 1688 saltus.
267 1631 356 1703 Hinc,
381 1633 482 1690 robore
507 1633 674 1708 corporibus
697 1628 857 1707 animisque
891 1639 1015 1706 sumpto,
1034 1629 1093 1705 jam

116 1728 176 1767 non
190 1709 265 1768 feras
278 1713 389 1770 tantiam
402 1711 569 1784 subsistere,
582 1711 662 1769 sed
655 1731 686 1769 ιιι
699 1711 834 1783 latrones,
855 1711 956 1786 praeda
965 1719 1093 1776 onustos,
1140 1777 1141 1780 Ἴ

118 1787 242 1864 impetus
264 1791 370 1864 lacere,
394 1793 610 1866 pastoribusque
633 1801 713 1866 rapta
733 1758 881 1856 divideie3
903 1799 932 1844 et
956 1807 1024 1844 cum
1039 1787 1093 1858 his,

117 1880 268 1926 crescente
289 1870 320 1926 in
334 1871 396 1926 dies
409 1889 497 1946 grege
509 1871 658 1946 juvenum,
672 1869 747 1926 seria
761 1886 795 1924 ac
813 1868 895 1942 jocos
909 1865 1066 1922 celebrare.

123 1975 195 2082 ιι.
216 2023 282 2082 lam
297 2035 367 2082 tum
382 2025 412 2082 in
426 2024 558 2082 Palatino
578 2033 676 2081 monte
690 1990 833 2106 ¹Lupercal
847 2021 903 2078 hoc
918 2021 1006 2080 fuisse
1020 2021 1095 2080 ludi·
1104 2031 1131 2072 2⁰

13 2139 26 2151 -·
118 2119 200 2162 crum
215 2103 319 2170 ferunt,
332 2114 361 2160 et
375 2122 391 2160 a
406 2104 563 2175 Pallanteo,
575 2103 646 2159 urbe
657 2094 815 2174 Arcadici,
827 2101 1010 2191 Pallantium,
1025 2100 1094 2158 dein

117 2181 271 2250 Palatium,
293 2192 420 2240 montem
443 2149 626 2277 appellaium.
669 2180 714 2238 Ibi
737 2148 914 2248 Evaridrum,
937 2180 986 2254 qui
1009 2199 1046 2236 ex
1059 2198 1095 2238 eo

117 2278 225 2340 genere
247 2261 397 2318 Arcadum
421 2261 519 2319 multis
540 2260 606 2317 ante
629 2260 847 2350 tempestatibus
868 2269 1003 2317 tenuerat
1020 2258 1095 2327 luca,

117 2339 237 2396 solenne
251 2339 368 2396 allatum
382 2359 430 2396 ex
432 2340 563 2397 Arcadis
583 2339 751 2406 instituisse,
766 2350 798 2396 ut
811 2339 904 2396 nudi
894 2357 1026 2414 juvenes,
1040 2337 1097 2414 Ly·
1151 2364 1154 2369 ·

118 2435 204 2476 ceum
218 2417 298 2475 Pana
308 2430 485 2476 venerantes
480 2439 549 2494 ,per
563 2419 658 2476 lusum
670 2432 754 2494 atque
766 2419 913 2476 lasciviam
927 2427 1095 2488 currerent3
1104 2427 1131 2466 2⁵

118 2515 204 2573 quem
218 2497 347 2556 Romani
357 2498 463 2556 deinde
475 2500 612 2556 vocirunt
626 2497 742 2556 Inuum.
765 2498 845 2556 Huic
856 2498 962 2555 deditis
972 2497 1095 2564 ιιιιιιοιο,

118 2595 208 2652 quum
220 2577 339 2636 solenne
353 2588 454 2636 notum
467 2588 552 2650 esset,
567 2578 717 2636 insidiatos
730 2579 767 2636 ob
780 2579 851 2635 iram
865 2577 969 2653 praedae
984 2576 1097 2634 amisse

119 2656 254 2725 latrones,
268 2676 357 2733 quum
371 2657 516 2716 Romulus
529 2658 557 2715 vi
571 2677 602 2715 se
616 2658 803 2725 defendisset,
819 2658 948 2725 Remum
963 2655 1075 2732 cepisse
1087 2675 1095 2725 ς

119 2747 237 2811 captum
250 2737 311 2812 regi
333 2737 452 2795 Amulio
475 2737 638 2805 tradidisse,
661 2738 735 2795 ultro
749 2749 930 2794 accusantes.
971 2735 1096 2793 Crimini

119 2813 243 2873 maxime*
257 2814 374 2884 dabant,
386 2816 417 2872 in
428 2815 591 2873 Numitoiis
601 2835 684 2891 agros
693 2816 729 2872 a'b
744 2816 788 2872 his
805 2815 943 2888 impetum
957 2813 1019 2871 fieri
1032 2833 1039 2884 ;
1055 2815 1131 2872 ιιι-30

105 2894 157 2953 -de
170 2911 230 2968 eos,
243 2893 366 2952 collecti
387 2894 526 2969 juvenum
547 2912 646 2961 manu,
656 2893 793 2951 hostilem
808 2893 838 2949 in
853 2893 970 2950 modum
985 2894 1097 2968 praedas

119 2991 223 3051 agere:
238 2973 280 3030 sic
294 2972 440 3030 Numitori
454 2973 491 3030 ad
502 2972 675 3048 supplicium
683 2972 797 3030 Remus
808 2973 931 3030 deditur.
953 2972 1019 3030 Jarn
1028 2973 1097 3031 inde
1124 2990 1127 2998 ¹

95 3123 101 3135 ,
121 3053 158 3118 ab
172 3053 254 3112 initio
268 3051 406 3110 Faustulo
420 3071 484 3128 spes
508 3052 609 3123 suerat,
630 3053 739 3128 regiam
758 3053 876 3128 stirpem
890 3053 966 3128 apud
981 3072 1013 3110 se
1027 3053 1097 3112 edu-

121 3131 199 3202 cari3
215 3151 281 3190 nam
290 3142 320 3190 et
327 3131 471 3208 expositos
481 3132 563 3208 jussu
577 3131 654 3223 regis
666 3132 790 3189 infantes
799 3132 919 3205 sciebat,
930 3143 960 3190 et
973 3142 1107 3208 tempus,

121 3231 178 3292 quo
192 3211 252 3288 ipse
266 3230 315 3270 eos
329 3212 499 3286 sustulisset,
512 3211 610 3270 adid
603 3230 697 3304 ipsum
711 3231 890 3288 congruere3
904 3213 955 3270 sed
969 3231 1031 3269 rem
1044 3211 1099 3270 im·
1085 3217 1133 3258 -35

119 3302 272 3363 maturam,
307 3291 363 3350 nisi
384 3302 435 3350 aut
453 3311 505 3368 per
529 3292 714 3350 occasionem
736 3303 786 3350 aut
811 3311 862 3368 per
883 3291 1096 3360 necessitatem,

120 3371 224 3448 ap‘eriri
246 3372 386 3431 noluerat
427 3371 596 3430 Necessitas
618 3373 695 3451 prior
719 3371 817 3429 νοιιιι.
838 3373 888 3440 ita,
904 3382 983 3430 metu
996 3371 1098 3430 subac-

121 3463 177 3520 tus,
192 3452 320 3511 Romulo
343 3466 404 3510 rem
426 3453 526 3529 aperit.
568 3452 655 3512 Forte
673 3463 703 3510 et
716 3452 873 3520 Numitori,
887 3470 977 3527 quum
991 3451 1021 3508 in
1032 3469 1098 3508 cus-

119 3533 198 3592 todia
224 3532 353 3591 Remum
380 3533 509 3607 haberet,
536 3532 720 3624 audissetque
740 3533 872 3610 geminos
895 3549 959 3588 esse
986 3531 1096 3599 iratres,

120 3614 315 3690 comparando
327 3625 357 3671 et
371 3623 484 3670 aetatem
498 3631 609 3687 eorum,
623 3624 653 3672 et
666 3613 756 3690 ipsam
771 3613 892 3671 minime
880 3611 1061 3668 servilem
1053 3629 1097 3668 ιιι-
1107 3615 1133 3654 ⁴⁰

117 3693 223 3766 dolem,
236 3693 370 3770 tetigerat
383 3693 513 3751 animum
537 3693 676 3752 memoria
688 3703 842 3770 nepotum:
864 3690 1097 3764 sciscitandoque

92 3809 94 3815 ·
120 3771 229 3840 ebdem
251 3773 392 3851 pervenit,
419 3784 451 3832 ut
475 3773 553 3832 haud
573 3774 674 3852 procul
695 3783 781 3856 esset,
804 3773 875 3850 quin
899 3772 1028 3834 Remum
1049 3787 1098 3846 ag·
