2556 4314
543 297 648 354 LIBER
664 305 686 358 Ι.
709 317 772 354 car.
789 311 852 353 xxv.
1142 305 1183 367 25

207 465 307 510 corum
330 447 435 505 virtute¹
460 455 545 521 atque
570 447 685 506 fortunat
708 447 834 522 positum
843 463 868 502 :—
884 444 979 521 itaque
1001 463 1071 523 ergo
1091 444 1183 506 erecti

206 526 397 602 suspensique
428 527 459 582 in
474 526 593 582 minime
618 536 731 602 gratum
755 525 951 601 spectaculum
971 527 1064 584 animo
1088 527 1190 604 intem,

207 606 327 665 duntur.
369 603 462 661 Datur
477 605 590 680 signum
603 623 610 660 τ
632 604 801 679 infestisque
814 603 910 671 armis',
922 605 999 662 velut
1009 605 1095 678 acies,
1108 604 1183 664 terni

206 685 340 761 juvenes,
363 701 546 758 magnorum,
560 684 741 740 exercituum
763 683 875 740 animos
895 693 1040 759 gerentes,
1064 703 1185 778 concur]

186 772 295 821 arunt:
310 781 366 822 uec
378 762 423 818 his
436 780 492 818 nec
506 761 563 819 illis
574 763 736 837 periculum
750 781 837 820 snum
849 781 857 832 3
871 763 1020 837 publicum
1035 763 1185 838 imperium

212 841 412 916 servitiumque
426 841 591 898 obversatur
613 841 720 910 animo,
742 841 894 915 suturaque
918 861 953 902 ea
967 842 1074 900 deinde
1087 842 1187 918 patrie

210 921 333 994 fortuna,
355 939 440 995 quam
464 920 518 996 ipsi
543 920 689 986 fecissent.
719 920 780 977 ·Ut
803 921 896 996 primo
920 907 1016 979 statim
1041 910 1197 980 concursu

207 999 377 1074 increpuere
402 1017 491 1067 arma,
512 999 711 1074 micantesque
733 998 838 1058 liilsdre
852 999 953 1075 gladii,
968 1001 1067 1058 horror
1081 1001 1186 1076 ingens

207 1085 371 1154 spectantes
387 1079 581 1155 ¹perstringit3
616 1090 655 1148 et,
677 1077 780 1138 neutro
804 1078 945 1136 inclinatis
970 1099 1031 1155 spe,
1057 1077 1189 1155 torpebat

173 1174 198 1214 ιο
208 1176 261 1215 vox
274 1157 455 1234 spiritusque.
497 1157 647 1216 Conertis
657 1147 764 1217 deinde
785 1159 929 1231 manibus,
943 1177 1031 1233 quum
1043 1159 1104 1234 jam
1125 1175 1185 1216 non

207 1248 300 1308 motus
313 1237 425 1296 tantum
450 1257 612 1314 corporum,
627 1237 801 1314 agitatioque
826 1257 935 1314 anceps
958 1238 1079 1296 telorum
1094 1255 1186 1296 armo·

207 1335 336 1389 rumque,
350 1317 544 1380 sedvulnera
567 1335 679 1392 quoque
704 1328 733 1376 et
747 1317 865 1393 sanguis
885 1315 1053 1392 spectaculo
1066 1310 1185 1385 es'sent;

207 1395 264 1452 duo
278 1396 417 1464 Romani,
437 1415 522 1472 super
547 1393 634 1454 aliurn
657 1395 739 1464 alius,
755 1397 912 1454 vulneratis
936 1396 1028 1460 tribus
1049 1391 1185 1464 Albanis,

206 1474 601 1549 exspirantesoorruerunta
627 1477 805 1550 adquorum
829 1494 931 1532 casum
953 1493 1043 1549 quum
1070 1474 1186 1532 concla-

170 1553 315 1609 rsmalsset
339 1554 446 1628 gaudio
469 1537 785 1626 Albanuseuercitus,
806 1555 955 1612 Romanas
978 1553 1108 1628 legiones
1124 1553 1186 1628 jam

148 1677 150 1684 ,
207 1649 275 1706 spes
294 1641 365 1703 tota,
388 1633 518 1689 nondum
531 1637 633 1688 tamen'
649 1651 728 1698 cum,
750 1633 925 1704 deseruerat,
948 1632 1099 1688 exanimes
1121 1631 1186 1690 vica

129 1751 132 1754 ·
207 1710 306 1781 unius,
320 1729 407 1784 quem
421 1719 479 1767 tres
493 1710 614 1767 Curiatii
635 1710 894 1766 circumsteterant.
935 1709 1023 1766 Forte
1036 1709 1061 1766 is
1074 1709 1186 1786 integer

206 1788 270 1858 fuit,
287 1798 318 1844 ut
333 1789 476 1846 universis
489 1789 566 1846 solus
579 1789 761 1863 nequiquam
775 1785 894 1863 pensio
907 1788 1045 1846 adversus
1058 1787 1187 1864 singulos

146 1927 151 1935 ⁴
205 1866 305 1925 seror:
326 1885 405 1942 ergo,
422 1878 454 1924 ut
477 1877 642 1943 segregaret
664 1885 791 1942 pugnarn
813 1885 923 1934 eorum,
938 1867 1062 1942 capessit
1075 1867 1184 1943 sugam,

168 1946 246 2005 etita
266 1957 345 2004 ratus
366 1955 526 2018 secuturos,
555 1957 587 2004 ut
609 1947 751 2020 quemque
780 1945 898 2002 vulnere
920 1946 1058 2010 affectum
1078 1965 1183 2023 corpus

206 2025 323 2082 sineret.
364 2025 428 2081 tam
454 2026 631 2100 aliquantum
654 2025 738 2100 spatii
763 2044 799 2082 ex
812 2044 848 2086 eo
868 2025 942 2097 loco,
958 2025 1007 2084 ubi
1021 2037 1183 2102 pugnatum

205 2112 259 2171 est,
275 2103 434 2179 aufugerat,
448 2123 536 2178 quum
554 2105 718 2180 respiciens
740 2103 818 2160 videt
831 2105 945 2180 magnis
966 2105 1125 2172 intervallis
1137 2123 1182 2163 se·

205 2193 345 2256 quentes;
367 2203 457 2240 unum
473 2184 550 2255 haud
563 2183 715 2261 proculab
728 2203 792 2241 sese
807 2185 907 2240 abesse
920 2204 927 2239 ε
949 2183 979 2240 in
993 2203 1061 2240 eum
1074 2202 1182 2260 magno

165 2307 167 2310 .
205 2261 312 2338 impetn
326 2263 412 2319 iediit
424 2283 434 2320 t
445 2256 483 2335 et,
498 2264 568 2320 dum
582 2263 715 2320 Albanus
724 2263 869 2320 exercitus
878 2261 1016 2320 inclamat
1030 2262 1180 2331 Curiatiis,

170 2359 198 2400 es
207 2338 250 2396 uti
262 2360 344 2416 opem
359 2341 453 2412 ferant
477 2343 566 2409 fratri3
579 2343 638 2418 jain
663 2342 812 2409 Horatius,
827 2361 903 2400 caeso
927 2343 1008 2398 hoste
1023 2341 1123 2416 victor,
1137 2359 1182 2400 se·

193 2421 328 2477 ⁴cundem
349 2440 479 2497 pugnam
498 2420 624 2496 petebat.
666 2420 746 2477 Turn
770 2421 906 2487 clamore,
921 2421 1013 2500 qualis
1034 2440 1072 2478 ex
1084 2421 1181 2498 inspe-

203 2509 263 2556 rato
286 2500 448 2557 faventium
469 2499 550 2572 solet,
569 2495 698 2556 Romani
723 2499 860 2573 adjuvant
884 2498 1005 2554 militem
1029 2517 1129 2568 suum;
1151 2509 1181 2557 et

143 2581 146 2586 “
202 2577 249 2634 ille
262 2579 385 2654 defungi
409 2579 511 2654 proelio
531 2577 657 2656 festinat.
698 2575 791 2632 Prids'
804 2576 910 2650 itaque,
924 2573 1011 2648 qulam
1035 2576 1116 2644 alter,
1130 2578 1180 2651 qui

158 2679 170 2710 x
201 2675 256 2714 nec
279 2658 380 2733 procul
405 2659 515 2729 aberat,
530 2655 668 2730 consequi
691 2664 797 2730 posset,
819 2664 849 2712 et
870 2654 991 2710 alterurn
1015 2653 1177 2716 Curiatium

166 2735 326 2797 scconlioit.
368 2736 504 2811 Jamque,
522 2745 632 2810 aequato
655 2735 764 2807 Marte,
778 2733 885 2810 singuli
908 2744 1094 2809 supererant;
1125 2735 1177 2795 sed

167 2855 174 2866 .
200 2833 256 2873 nec
270 2835 320 2892 spe
334 2835 391 2874 nec
404 2816 513 2874 viribus
533 2835 617 2891 pares
629 2834 635 2872 ι
649 2810 777 2873 'alterum
801 2814 942 2871 intactum
966 2813 1039 2872 ferro
1060 2833 1175 2892 corpus,

200 2897 230 2951 'et
243 2896 391 2970 geminata
413 2895 543 2964 victoria,
558 2895 683 2952 ferocem
707 2894 738 2952 in
759 2904 909 2959 certamen
920 2894 1036 2952 tertium
1050 2895 1174 2966 dabant3

201 2973 285 3042 alter,
299 2973 406 3030 fessum
429 2975 558 3046 vulnere,
573 2974 679 3032 fessum
704 2992 791 3031 cursu
811 2974 928 3032 trahens
942 2993 1055 3048 corpus,
1069 2973 1175 3036 victus-

201 3067 259 3124 que
273 3049 390 3109 fratrum
404 3062 470 3110 ante
490 3074 521 3111 se
536 3064 644 3135 strage,b
654 3053 754 3111 victori
767 3053 903 3130 objicitur
917 3053 1010 3110 hosti:
1032 3071 1088 3109 nec
1102 3053 1174 3112 illud

147 3129 333 3206 ·35proelium
349 3131 410 3189 fuit.
452 3132 614 3192 Romanus·
627 3133 786 3200 exsultans,
813 3143 832 3168 “
844 3131 955 3203 Duos‚’'
970 3131 1072 3205 inquit,
1089 3137 1107 3165 ‘⁸
1120 3133 1175 3192 fra·

202 3218 221 3245 ‘⁶
232 3218 307 3269 trum
322 3211 461 3278 Manibus
483 3211 567 3270 dedi:
589 3213 705 3269 tertium
719 3229 817 3270 causa
838 3211 907 3271 belli
921 3208 1055 3284 hujusce,
1066 3221 1099 3270 ut
1111 3212 1174 3272 Ro·

200 3291 334 3347 “manus
361 3291 477 3349 Albano
500 3291 631 3367 imperet,
656 3291 760 3349 dabo.‘'
814 3281 894 3354 Mal&
914 3285 1068 3346 sustinenti
1092 3310 1173 3350 arma

54 3431 58 3439 ,
90 3435 94 3440 ‚
197 3367 326 3444 gladium
340 3370 463 3446 superne
475 3370 577 3446 jugulo
590 3371 706 3446 defigit:
725 3371 870 3446 jacentem
891 3366 1001 3441 spoliat.
1043 3365 1172 3428 Romani

19 3641 61 3746 1

196 3457 319 3504 ovantes
331 3467 367 3504 ac
381 3450 557 3524 gratulantes
571 3449 724 3507 Horatium
738 3447 903 3522 accipiunt;
925 3442 959 3502 εό
973 3444 1081 3518 majore
1101 3461 1170 3502 cum

162 3525 315 3602 togau‘fiO·
329 3525 385 3602 (1116
397 3545 488 3604 prope
503 3528 619 3587 'metum
633 3539 686 3585 'res
707 3527 808 3584 fuerat.
850 3523 898 3582 Ad
907 3522 1089 3604 *sepulturam
1102 3519 1172 3608 inde

197 3607 317 3662 suorum
340 3607 524 3681 nequiquam
583 3607 662 3665 ribus
686 3604 790 3661 animis
811 3609 981 3664 venantum
1002 3611 1107 3663 quippe
1121 3614 1173 3650 rm·

195 3684 277 3760 perio
291 3683 374 3742 alteri
387 3686 476 3753 aucti,
491 3627 714 3820 alteffditionis
737 3675 931 3737 alienafact'u
952 3740 958 3750 ο
974 3665 1113 3735 Sepulora
1126 3679 1174 3722 ex-

196 3771 282 3839 stant,
295 3783 352 3840 quo
375 3763 503 3840 quisquo,
515 3763 543 3821 lo
593 3760 717 3819 cecidit:
739 3759 797 3814 duo
810 3756 947 3833 Romana
962 3749 1024 3796 uno
1033 3735 1098 3794 loco
1111 3759 1177 3812 pro·
