2556 4314
120 259 177 318 150
526 261 596 312 TlTl
612 261 698 312 mvn
727 285 738 302 ε

119 405 137 433 “
148 418 215 458 cum
229 399 511 460 consulibusserire:
527 403 633 478 siquid
647 422 746 462 eorum
760 402 920 480 displiceat,
931 401 1039 482 legatos
1047 427 1094 470 re·-

118 479 210 537 “dire
225 480 301 537 adse
312 481 327 507 ’³
341 480 438 537 vetuit.
461 479 534 538 Haec
543 501 634 555 quum
643 483 749 559 legatio
757 484 980 552 renuntiaretur,
992 496 1090 548 tantus

115 559 243 638 gemitus
256 559 386 616 omnium
400 558 495 617 subito
509 570 627 618 exortus
637 572 691 635 est,
701 573 837 638 tantaque
847 564 984 622 moestitio
996 566 1091 626 inces-

115 638 162 704 sit,
177 648 210 694 ut
220 657 279 694 non
290 637 406 713 gravius
417 640 564 714 accepturi
578 640 753 714 viderentur,
765 642 789 699 si
798 643 990 717 nuntiaretur,
1001 646 1093 703 omni·

115 717 169 773 bus
176 735 212 774 eo
219 716 284 774 loco
292 727 412 775 mortem
423 719 614 794 oppetendam
624 738 697 776 esse.
718 719 820 782 Quum
831 721 882 779 diu
892 721 1042 780 silentium
1051 724 1092 782 fu·
1113 734 1126 773 ⁵

114 793 193 867 isset,
203 814 258 854 nec
270 797 404 854 consules
413 810 462 854 aut
471 817 522 873 pro
533 798 640 855 soedere
653 813 712 855 tum
721 800 807 873 turpi,
819 810 869 857 aut
882 802 1093 862 contra'loedus

113 883 172 932 tam
194 876 401 942 necessarium,
416 876 528 954 hiscere
541 888 677 952 possent3
691 886 753 933 tum
762 877 795 934 L.
808 877 960 951 Lentulus,
969 881 1018 953 qui
1029 875 1091 939 tum

112 954 248 1030 princeps
266 954 425 1030 legatorum
443 954 546 1011 virtute
563 965 647 1028 atque
672 955 829 1012 honoribus
854 967 926 1030 erat,
946 957 1090 1018 “Patrem

114 1039 131 1066 “
143 1034 270 1102 meum,''
284 1033 386 1107 inquit,
402 1038 418 1064 ‘¹
428 1032 573 1100 consules,
588 1053 664 1109 sepe
676 1034 772 1091 audivi
782 1029 999 1105 memorantem,
1011 1057 1043 1095 se
1055 1039 1087 1096 in

107 1121 132 1149 ‘⁸‘
142 1110 284 1186 Capitolio
291 1129 381 1168 unum
390 1129 449 1169 non
458 1111 546 1168 fuisse
555 1123 703 1179 auctorem
712 1113 826 1174 senatui
833 1115 1007 1174 redimendae
1016 1135 1086 1176 auro
1098 1127 1123 1167 1⁰

114 1196 130 1224 “
143 1210 161 1248 a
173 1190 264 1248 Gallis
272 1190 412 1263 civitatis,
427 1191 612 1265 quandonec
627 1192 702 1250 fossd
713 1193 843 1269 valloque
852 1195 890 1251 ab
902 1194 1087 1270 ignavissimo

110 1279 130 1308 “
140 1271 176 1333 ad
195 1289 283 1344 opera
295 1287 331 1326 ac
345 1269 536 1327 muniendum
546 1272 627 1328 hoste
639 1271 731 1329 clausi
745 1284 858 1343 essent3
880 1283 910 1332 et
925 1292 1086 1350 erumpere,

49 1401 51 1404 .
111 1349 166 1406 “si
187 1368 246 1406 non
268 1348 331 1406 sina
356 1349 493 1423 periculo·
509 1367 625 1424 magno,
649 1357 747 1409 tamen
771 1352 834 1410 sine
856 1352 937 1411 certd
958 1353 1088 1429 pernicie

110 1433 263 1504 “possent
304 1426 395 1489 Qudd
419 1428 454 1495 si,
469 1438 501 1486 ut
524 1428 580 1486 illis
594 1429 748 1488 decurrere
761 1450 799 1488 ex
812 1431 957 1508 Capitolio
971 1431 1088 1505 armatis

110 1517 129 1545 ‘⁶
142 1507 172 1569 in
187 1508 298 1566 hostem
320 1507 404 1564 licuit
428 1505 497 1584 (quo
529 1527 605 1584 saepe
626 1510 712 1568 modo
733 1511 843 1568 obsessi
866 1512 898 1569 in
921 1511 1087 1570 obsidentes
1098 1523 1122 1562 1⁵

109 1597 129 1624 “
140 1587 322 1666 eruperunt),
334 1586 377 1663 ¹ita
389 1587 474 1645 nobis
498 1606 579 1662 aequo
598 1598 647 1646 aut
660 1589 759 1666 iniquo
767 1591 838 1668 ,loco
851 1591 1011 1649 dimicandi
1024 1601 1088 1650 tan·

61 1695 63 1699 ·
110 1673 127 1699 “
139 1667 288 1726 tummodo
309 1685 377 1724 cum
400 1667 481 1724 hoste
503 1667 587 1742 copia
611 1679 696 1742 esset,
710 1689 769 1728 non
783 1670 855 1728 mihi
869 1671 982 1746 paterni
997 1671 1085 1734 animi
1113 1692 1116 1698 ¹

109 1746 253 1804 “indoles
277 1747 307 1804 in
332 1746 454 1805 consilio
467 1746 563 1804 dando
575 1747 699 1806 deesset
741 1749 888 1823 Equidem
900 1761 1019 1808 mortem
1032 1768 1085 1826 pro

109 1835 128 1862 ‘⁶
138 1825 232 1901 patrid
253 1824 421 1900 preclaram
446 1844 509 1884 esse
519 1827 613 1884 fateor
625 1846 632 1884 t
654 1838 683 1885 et
696 1846 743 1885 me
757 1828 802 1884 vel
816 1828 955 1888 devovere
968 1847 1020 1902 pro
1032 1846 1097 1904 po·-

109 1911 126 1938 “
136 1905 205 1981 pulo
229 1905 365 1964 Romano
386 1904 615 1981 legionibusque,
630 1905 674 1964 vel
697 1907 728 1964 in
743 1906 854 1964 medios
867 1925 914 1964 me
927 1906 1082 1964 immittere
1093 1915 1121 1958 2⁰

108 1993 127 2020 “
140 1985 246 2056 hostes,
261 1994 377 2059 paratus
391 2001 463 2040 sum.
506 1985 565 2064 Sed
577 1986 624 2043 hlc
638 1985 759 2061 patriam
773 1985 866 2053 video,
881 1985 930 2043 hic
943 1985 1084 2059 quidquid

106 2061 336 2120 “Romanarum
355 2062 503 2138 legionum
525 2073 588 2121 est:
610 2083 684 2138 quae,
699 2064 755 2122 nisi
769 2082 862 2139 prose
876 2063 945 2140 ipsis
959 2064 995 2120 ad
1010 2082 1085 2122 mor·

107 2151 197 2199 “tem
221 2160 305 2199 ruere
330 2141 438 2209 volunt,
464 2143 532 2217 quid
547 2143 665 2216 habent,
683 2143 761 2218 quod
775 2153 865 2200 morte
879 2143 932 2199 sud
946 2145 1082 2200 servent?

108 2225 127 2254 “
139 2225 147 2252 ‘
159 2221 256 2278 Tecta
270 2220 375 2288 Urbis,’
391 2221 471 2278 dicat
484 2222 597 2295 aliquis,
614 2232 663 2278 ‘et
676 2221 793 2288 moenia,
808 2231 837 2279 et
849 2239 912 2278 eam
926 2221 1050 2294 turbam,
1065 2239 1084 2278 a

107 2309 126 2336 “
139 2304 147 2331 ‘
158 2300 215 2375 qud
229 2299 306 2357 Urbs
319 2300 473 2358 incolitur!
506 2299 600 2358 Immo
613 2298 757 2377 (Hercule
770 2300 792 2378 l)
803 2300 960 2374 produntur
974 2318 1013 2356 ea
1022 2318 1084 2378 orn·
1093 2307 1120 2348 2⁵
1200 2348 1202 2352 .

107 2384 124 2411 “
135 2379 195 2448 nia,
214 2377 309 2437 deleto
333 2380 389 2437 hoc
413 2379 552 2453 exercitu,
577 2399 636 2438 non
660 2388 818 2437 servantur.
859 2377 938 2441 Quis
955 2378 1034 2436 enim
1048 2397 1085 2436 ea

107 2457 284 2532 “tuebiturl
333 2458 464 2516 Imbellis
492 2459 627 2528 videlicet
648 2468 733 2534 atque
760 2457 880 2517 inermis
906 2457 1082 2514 multitudo?

107 2545 195 2597 “tam
211 2539 355 2615 (Hercule
368 2537 390 2629 l)
413 2539 498 2613 qudm
519 2558 536 2595 a
556 2537 706 2596 Gallorum
729 2537 839 2612 impetu
853 2536 992 2596 defendit.
1021 2531 1083 2594 ,Αῇ
1121 2595 1127 2604 ,

81 2628 155 2690 ,Μ
181 2619 264 2696 Vejis
290 2630 448 2676 exercitum
483 2617 694 2691 Camillumque
726 2616 832 2674 ducem
865 2615 1083 2691 implorabunt

106 2708 125 2736 ‘¹
138 2697 197 2755 ch
210 2717 312 2756 omnes
325 2717 391 2772 spes
404 2715 531 2772 opesque
545 2706 621 2764 sunt,
639 2715 710 2771 quas
723 2695 874 2762 servando,
888 2695 1011 2771 patriam
1025 2711 1083 2752 ser·
1093 2701 1119 2744 ³⁰
1200 2720 1204 2726 ·

106 2787 256 2833 “vamus:
278 2777 412 2836 dedendo
436 2777 471 2832 ad
495 2795 609 2843 necem,
633 2775 755 2850 patriam
769 2773 929 2846 deserimus
942 2793 977 2831 ac
990 2773 1083 2848 prodi*-

107 2864 126 2893 “
137 2873 210 2911 mus.
253 2854 314 2910 ‘At
328 2854 405 2910 foeda
418 2863 503 2929 atque
525 2854 718 2930 ignominiosa
738 2852 846 2910 deditio
860 2854 922 2910 est!
964 2852 1022 2922 Sed
1046 2869 1083 2908 ea

107 2932 243 2992 “caritas
265 2932 364 3006 putriae
384 2943 439 3004 est,
458 2942 490 2990 ut
515 2947 574 2991 tam
601 2931 762 3011 ignominid
788 2951 863 3005 eam,
890 2930 977 3006 qualm
991 2940 1083 2988 morte

106 3018 125 3046 “
134 3011 242 3083 nostrai,
256 3011 281 3068 si
300 3029 373 3085 opus
387 3011 432 3083 sit,
447 3031 602 3070 servemus.
644 3014 788 3071 Subeatur
802 3030 872 3087 ergo
885 3011 949 3080 ista,
964 3020 1084 3085 quanta·
1110 3012 1115 3024 ’

107 3102 263 3164 “cumque
285 3100 337 3157 est,
352 3089 529 3166 indignitas;
551 3103 581 3149 et
603 3102 737 3168 pareatur
755 3089 930 3161 necessitati,
944 3107 1031 3164 quam
1045 3106 1083 3146 ne
1092 3099 1118 3140 3⁵

107 3168 189 3230 “Dii
209 3169 326 3244 quidem
340 3180 484 3244 superant.
527 3171 582 3240 Ite,
598 3172 742 3244 consules,
762 3170 895 3228 redimite
909 3169 996 3226 armis
1015 3167 1084 3226 civi·

107 3257 125 3299 t‘
136 3261 235 3319 tatem,
259 3268 345 3324 quam
356 3267 425 3308 auro
439 3250 562 3329 majores
582 3252 669 3310 vestri
687 3247 903 3310 redemerunt.'’

95 3409 99 3414 ’
146 3410 183 3470 V.
206 3408 349 3467 Consules
362 3408 483 3485 profecti
498 3407 534 3464 ad
551 3407 685 3467 Pontium
699 3409 730 3466 in
744 3407 929 3484 colloquium,
943 3423 1033 3480 quum
1047 3406 1084 3462 de
1165 3424 1167 3427 ’

108 3491 215 3552 foedere
230 3490 319 3548 victor
343 3490 474 3566 agitaret,
500 3487 652 3562 negdrunt,
666 3488 777 3564 injussu
791 3486 889 3565 populi
914 3486 1008 3544 soedus
1021 3477 1084 3542 lieri

106 3591 208 3648 posse:
230 3589 286 3628 nec
300 3569 363 3626 sine
377 3567 528 3626 fecialibus
546 3565 768 3644 caerimonidque
783 3567 838 3625 alia
862 3565 985 3624 solenni.
1026 3564 1120 3624 Ita-tc

106 3669 245 3724 quecun,
270 3659 302 3705 ut
325 3646 410 3721 vulgo
431 3647 564 3716 credunt,
589 3643 785 3721 Claudiusque
806 3646 894 3704 etiam
908 3642 1084 3710 scribit‚.foe·

107 3729 176 3786 dere
198 3747 255 3802 pax
278 3725 421 3792 Caudina,
444 3723 495 3781 sed
513 3741 565 3799 per
589 3725 784 3814 spppsiouem,
808 3725 885 3784 facta
906 3735 960 3784 est.
1000 3720 1084 3786 Quid

1168 293 1179 340 ··
1248 283 1253 466 l
