2556 4314
136 292 176 350 60
537 288 608 340 TlTl
623 288 711 338 LIVII

135 442 216 492 sent:
237 433 380 509 collegam
394 431 449 491 sibi
463 431 587 490 comitiis
601 430 770 490 centuriatis
783 429 891 488 creavit
904 429 937 488 P.
952 430 1114 507 Valerium,

135 532 192 589 quo
206 513 336 590 adjutore
350 531 434 588 reges
448 512 582 588 ejecerat.

174 669 233 728 ΙΙΙ.
252 670 356 733 Quum
380 669 458 728 haud
472 667 607 746 cuiquam
621 667 652 725 in
666 667 754 725 dubio
767 676 853 734 esset,
864 667 976 728 ¹bellum
990 668 1027 725 ab
1040 668 1115 728 Tar·

135 749 242 828 quiniis
256 749 418 817 imminere,
432 749 474 818 id,
485 748 602 822 quidem
623 765 674 822 spe
686 746 817 804 omniurn
831 747 923 804 serius
934 747 1007 805 fuit:
1029 758 1115 808 eaete·

135 830 210 899 rum,
225 830 255 890 id
268 830 345 905 quod
358 848 418 887 non
432 828 641 902 timebant,per¹
656 826 754 884 dolum
768 845 803 884 ac
817 827 1008 901 proditionem
1023 827 1112 905 prope
1135 833 1148 870 ⁵

135 910 252 968 libertas
266 910 437 966 amissaest.
478 905 570 964 Erant
583 906 614 962 in
628 905 765 964 Romania
781 906 932 981 juventute
947 907 1114 965 adolescen-
1149 948 1152 960 .

135 1000 180 1048 tes
194 989 311 1064 aliquot,
326 1007 382 1045 neo
406 986 427 1043 ii
451 985 531 1044 tenui
553 985 617 1047 loco
640 985 705 1054 orti,
729 1004 851 1060 quorum
864 986 906 1043 ·in
920 1005 1010 1062 regno
1024 986 1114 1046 libido

136 1069 254 1128 solutior
269 1067 370 1139 fuerat,
386 1065 509 1140 aequales
523 1064 690 1139 sodalesque
715 1064 943 1123 adolescentium
957 1065 1114 1140 Tarquini-

135 1166 228 1214 orum,
243 1146 349 1203 assueti
374 1164 453 1203 more
474 1144 554 1220 regio
575 1143 679 1201 vivere.
731 1143 805 1200 Earn
829 1155 904 1217 turn,
927 1153 1038 1220 aequato
1047 1145 1114 1221 jure

135 1225 276 1300 omniurn,
289 1224 438 1283 licentiam
459 1229 631 1298 quaeren'tes,
652 1222 815 1280 libertatern
840 1223 961 1281 aliorum
985 1225 1016 1280 in
1030 1231 1148 1283 suam1⁰

117 1304 254 1362 ·vertisse
282 1304 448 1362 servitutem
478 1303 554 1360 inter
586 1321 617 1359 se
652 1303 936 1376 conquerebantur..
969 1303 1113 1379 “Regem

138 1387 156 1417 “
169 1383 316 1442 hominem
330 1401 404 1455 esse,
426 1401 443 1439 a
465 1401 522 1456 quo
543 1381 689 1456 impetres,
713 1381 763 1438 ubi
785 1382 843 1457 jus,
858 1382 909 1439 ubi
922 1381 1028 1458 injuria
1041 1402 1114 1459 opus

138 1471 157 1500 ‘⁴
169 1461 223 1521 sita
244 1481 308 1520 esse
322 1462 421 1538 gratiae
434 1461 541 1529 locum,
556 1479 620 1517 esse
641 1455 784 1518 beneficio
796 1481 803 1530 ;
825 1472 855 1519 et
868 1461 954 1518 irasci
975 1472 1004 1519 et
1018 1462 1114 1538 ignos-

138 1544 157 1574 “
168 1559 235 1600 cere
249 1560 352 1617 posse:
374 1541 449 1598 inter
459 1540 598 1605 ,amicum
612 1550 696 1614 atque
711 1539 863 1597 inimicum
877 1540 1033 1597 discrimen
1048 1542 1114 1598 nbs-

138 1623 158 1653 “
168 1637 209 1678 se.
251 1619 346 1696 Leges
369 1638 430 1676 rem
447 1609 583 1686 'surdam
606 1618 813 1676 inexorabilem
835 1638 909 1692 esse,
924 1620 1113 1678 salubriorem
1124 1627 1148 1666 15

138 1698 374 1774 “melioremque
399 1698 488 1774 inopi,
511 1697 598 1772 quam
618 1698 748 1772 potenti:
780 1698 852 1755 nihil
879 1698 1036 1776 laxamenti
1056 1718 1113 1756 nec

98 1831 100 1835 .
138 1781 157 1811 “
168 1778 261 1836 veniae
275 1779 391 1851 habere,
406 1777 430 1834 si
451 1777 570 1835 modurn
584 1776 762 1834 excesseris:
784 1777 978 1852 periculosum
992 1797 1066 1846 esse,
1081 1779 1113 1836 in

138 1860 210 1916 “tot
223 1857 358 1914 humanis
378 1856 532 1929 erroribus,
553 1855 615 1912 sola
638 1855 805 1914 innocentia
829 1855 954 1912 vivere.”
995 1855 1041 1913 Ita
1051 1857 1114 1933 jam
1162 1868 1164 1873 ’

137 1935 191 1996 suti
204 1946 305 2010 sponte
319 1935 403 2010 aegris
417 1935 530 2006 animis,
541 1934 629 2010 legati
643 1935 680 1992 ab
693 1934 809 2011 regibus
822 1935 1038 2010 superveniunt,
1049 1936 1112 1993 sine

137 2014 285 2075 mentione
298 2014 415 2086 reditus,
436 2013 512 2071 bona
535 2012 646 2071 tantum
667 2024 837 2089 repetentes.
892 2013 1002 2072 Eorum
1026 2015 1148 2073 verbam

136 2102 287 2170 postquam
302 2093 333 2149 in
356 2103 459 2150 senatu
483 2093 580 2150 audita
593 2103 670 2165 sunt,
686 2112 737 2169 per
752 2093 859 2168 aliquot
872 2093 935 2151 dies
948 2112 984 2150 ea
997 2094 1112 2152 consul-

136 2172 208 2232 tatio
220 2172 313 2231 tenuit
324 2192 331 2242 ;
353 2190 391 2228 ne
404 2191 463 2229 non
475 2172 596 2244 reddita,
610 2172 677 2230 belli
692 2191 801 2241 causa3
822 2173 935 2230 reddita
948 2172 1015 2230 belli
1023 2184 1113 2231 mate·

137 2251 218 2311 riaet
226 2252 424 2326 adjumentum
432 2262 537 2309 essent.
558 2251 680 2310 Interim
688 2251 776 2328 legati
787 2252 836 2309 alii
845 2252 902 2309 alia
909 2251 1003 2308 moliri
1014 2271 1021 2321 3
1031 2271 1112 2327 aper-

137 2330 166 2389 te
180 2330 257 2389 bona
270 2341 442 2405 repetentes,
459 2330 534 2388 elam
545 2331 737 2407 recuperandi
758 2331 839 2406 regni
852 2330 973 2389 consilia
984 2340 1110 2388 struere:

138 2419 178 2483 et,
197 2419 342 2483 tamquam
356 2409 392 2467 ad
406 2409 446 2477 id,
461 2410 537 2485 quod
552 2410 598 2486 agi
613 2410 773 2483 videbatur,
790 2410 951 2467 ambientes
971 2410 1110 2468 nobilium
1122 2423 1149 2463 25

93 2489 109 2512 ‘
138 2487 365 2548 adolescentium
387 2488 497 2547 animos
520 2499 700 2566 pertentant:
722 2508 740 2546 a
763 2489 867 2565 quibus
888 2488 1000 2565 placide
1021 2489 1113 2547 oratio

139 2578 260 2644 accepta
279 2578 335 2641 est,
349 2567 394 2626 his
414 2568 511 2626 literas
524 2569 561 2626 ab
582 2568 751 2644 Tarquiniis
772 2568 914 2639 reddunt;
935 2578 965 2626 et
979 2568 1015 2625 de
1036 2567 1113 2626 acci·

110 2719 113 2724 Ι
138 2647 341 2726 piendiselam
355 2657 441 2706 noete
455 2648 485 2706 in
499 2649 600 2706 urbem
614 2648 732 2725 regibus
750 2647 959 2722 colloquuntur.

178 2804 231 2863 lv.
252 2803 380 2872 Vitelliis
401 2801 591 2879 Aquilliisque
616 2803 749 2861 fratribus
770 2799 862 2876 primo
885 2802 1040 2859 commissa
1066 2823 1113 2862 res

138 2893 190 2942 cst.
232 2881 413 2940 Vitelliorum
435 2901 512 2940 soror
537 2882 648 2940 consuli
672 2890 762 2955 nupta
782 2878 873 2935 Bruto
896 2889 974 2948 erat3
994 2880 1150 2956 jamqueao

138 2981 175 3022 ex
187 2980 223 3021 eo
235 2960 417 3021 matrimonio
441 2962 639 3019 adolescentes
652 2968 735 3016 erant
755 2957 847 3030 liberi,
861 2957 948 3015 Titus
962 2959 1113 3019 Tiberius-

137 3059 201 3118 que.
243 3040 302 3098 Eos
315 3058 427 3115 quoque
441 3040 471 3097 in
486 3039 654 3097 societatem
667 3037 781 3095 consilii
795 3037 930 3095 avunculi
944 3050 1112 3099 assumuntr

136 3131 276 3196 praeterea
296 3128 326 3176 et
345 3119 457 3177 nobiles
481 3117 588 3192 aliquot
608 3117 807 3175 adolescentes
829 3117 940 3174 conscii
962 3120 1110 3195 assumpti,

137 3217 258 3274 quorum
272 3207 411 3256 vetustate
435 3197 573 3254 niernoria
597 3195 675 3253 abiit
716 3195 838 3272 Interim
861 3215 950 3270 quum
964 3197 994 3254 in
1008 3209 1111 3256 senatu

139 3275 256 3334 vicisset
279 3277 432 3348 sententia,
454 3295 518 3350 quae
540 3276 680 3333 censebat
702 3274 852 3332 reddenda
875 3275 966 3346 bo'na3
988 3296 1148 3352 eamque35

138 3356 230 3432 ipsam
244 3373 362 3413 causam
376 3373 461 3411 morae
484 3354 515 3410 in
540 3355 610 3412 urbe
624 3354 764 3412 haberent
778 3354 874 3430 legati,
889 3354 966 3429 quod
987 3355 1113 3431 spatium¹

140 3434 176 3494 ad
189 3432 322 3491 vehicula
345 3433 539 3507 comparanda
562 3452 580 3490 a
603 3433 771 3491 oonsulibus
794 3434 992 3509 sumpsissent,
1007 3435 1111 3512 quibus

139 3532 240 3590 regum
268 3521 445 3588 asportarent
465 3530 532 3581 res3
563 3531 648 3570 omne
671 3513 703 3570 id
726 3523 839 3588 tempus
863 3532 931 3570 cum
955 3513 1111 3590 conjuratis

139 3592 328 3652 consultando
342 3592 507 3659 absumunt,
532 3591 726 3667 evincuntque
750 3591 894 3659 instando,
908 3601 940 3648 ut
953 3593 1042 3649 literar
1056 3591 1111 3649 sibi

138 3673 176 3732 ad
189 3671 364 3748 Tarquinios
384 3670 540 3728 darentur:
562 3689 629 3728 nam
644 3671 725 3728 aliter
738 3673 786 3745 qui
807 3671 966 3740 credituros
979 3688 1038 3741 eos,
1052 3688 1111 3728 non
1122 3697 1149 3736 40

139 3769 213 3815 rana
226 3751 263 3811 ab
276 3749 378 3828 legatis
391 3768 477 3829 super
503 3749 589 3809 rebus
612 3750 700 3809 tantis
713 3749 828 3808 afferri!
870 3749 953 3808 Datae
966 3747 1065 3816 litere,
1080 3759 1113 3805 ut

1261 3811 1263 3898 l
