2556 4314
93 329 172 393 99v
360 371 366 381 ,
449 291 451 295 ’
496 325 567 378 τιτι
583 325 670 378 urvrr

93 472 177 532 “tim
199 487 256 530 nec
279 486 333 530 nos
346 473 540 546 temperemus
563 467 703 545 imperiis,
723 467 780 544 qub
804 464 901 526 mimis
915 465 957 526 illi
971 470 1072 533 auxilii

3 587 5 594 =
92 549 258 630 “egeant'’
307 548 411 611 Quian
434 548 499 606 haec
519 566 557 606 ex
579 547 659 606 omni
682 557 762 622 perte
786 546 979 623 jactarentur,
1002 549 1071 610 victi
1114 563 1116 567 '

92 647 238 690 consensu
261 627 429 696 decemviri,
444 627 564 688 futurosv
578 645 619 700 se,
633 625 749 701 quando
768 626 810 684 ita
822 626 965 701 videatur,
980 627 1011 685 in
1023 647 1072 704 po-
1122 701 1125 706 Ι

90 719 194 769 testate
208 709 325 768 Petrum
339 707 490 766 affirmant
532 706 567 765 Id
582 704 668 764 ruodb
683 703 769 764 simul
789 715 873 764 orant
889 725 925 764 ac
939 718 1071 778 monent,

91 798 123 846 ut
135 787 206 864 ipsis
219 789 256 846 ab
269 786 380 846 invidia
399 795 555 856 caveatur3
576 804 633 848 nee
654 804 707 846 suo
720 783 863 862 sanguine
877 784 914 842 ad
929 787 1073 862 supplicia
1094 800 1108 840 s

92 865 210 926 Petrum
222 867 338 944 plebem
352 865 554 926 assuefaciant.
592 871 641 962 tx*

3 1081 5 1090 ,
68 1023 73 1038 ’
129 1023 214 1084 LIII.
236 1024 317 1084 'I'um
330 1024 465 1082 Valerius
489 1022 693 1098 Horatiusque,
708 1020 799 1095 misal,
823 1021 860 1080 ad
873 1021 988 1097 plebem
1002 1041 1072 1082 con·

64 1103 257 1176 sditionibus,
278 1103 383 1179 quibus
406 1103 560 1171 videretur,
581 1103 774 1162 revocandam
798 1102 1070 1178 componendasque

3 1183 11 1202 '
92 1200 147 1256 res,
163 1182 334 1240 decemviris
347 1201 461 1257 quoque
475 1183 511 1240 ab
524 1181 568 1239 iria
582 1192 611 1240 et
624 1182 734 1256 impetu
754 1180 949 1244 multitudiuis
961 1199 1069 1256 praeca·

91 1279 158 1318 vere
169 1261 316 1336 jubentur.
358 1260 484 1320 Profecti
508 1260 614 1336 gaudio
638 1259 750 1335 ingenti
763 1259 856 1335 plebis
870 1259 900 1318 in
914 1255 1070 1320 castr'a‘i'c·
1079 1279 1106 1318 ro

90 1339 239 1414 cipiuntur
251 1359 258 1409 ;
280 1339 385 1414 quippe
409 1340 576 1416 liberatores
600 1339 678 1396 haud
700 1334 787 1395 dubie
809 1348 840 1395 et
863 1340 957 1396 motus
976 1339 1069 1409 initio,

90 1428 120 1475 et
133 1419 212 1476 exitu
226 1417 277 1475 rei.
319 1417 368 1476 Ob
392 1407 697 1475 haec‘adveni'entibus
720 1416 821 1492 gratim
845 1427 926 1474 actae.
968 1416 1070 1476 Icilius

89 1514 141 1572 pro
154 1496 339 1565 multitudine
362 1495 450 1554 verbe
473 1495 550 1552 facit.
593 1495 687 1568 Idem,
700 1513 789 1570 quum
803 1495 840 1552 de
854 1495 1070 1554 conditionibus

89 1585 232 1652 ageretur,
245 1574 441 1650 querentibus
461 1573 661 1650 legatisque
682 1573 826 1648 postulata
848 1574 942 1649 plebis
960 1586 1067 1644 essent,

88 1655 246 1730 composito
257 1655 317 1730 jam
339 1663 407 1711 ante
428 1653 583 1710 adventum
598 1653 760 1728 legatorum
775 1653 908 1727 oonsilio,
923 1673 958 1712 ea
971 1664 1068 1730 postu-
1078 1671 1105 1712 15

87 1733 166 1806 lavit,
180 1743 213 1794 ¹ut
237 1729 396 1809 appareret,
410 1730 441 1790 in
453 1731 595 1807 equitate
619 1750 715 1791 rerum
735 1731 810 1806 plus,
824 1730 911 1808 quam
925 1731 1067 1807 inarmis,

88 1811 189 1888 reponi
203 1813 274 1887 spei.
316 1812 492 1872 Potestatem
512 1811 591 1870 enim
612 1811 808 1886 tribuniciam,
822 1812 1068 1887 provocationem·

31 1953 39 1964 ,
77 1907 144 1966 que
157 1891 337 1966 repetebant,
351 1909 415 1965 quae
440 1900 506 1948 ante
528 1891 708 1950 decemviros
727 1900 839 1948 creatos
852 1889 960 1948 auxilia
972 1891 1066 1966 plebis

88 1969 203 2028 Inerant
211 1989 219 2038 ;
237 1978 321 2027 etue
335 1970 384 2027 cui
407 1969 504 2027 sraudi'
514 1980 599 2039 esset,
614 1969 749 2029 concisse
766 1969 872 2028 milites
886 1976 937 2028 aut
950 1968 1066 2044 plebem

87 2048 124 2106 ad
137 2047 325 2122 repetendam
337 2066 390 2122 per
403 2049 596 2108 secessionem
610 2050 781 2108 libertatem.
822 2048 869 2106 De
890 2049 1067 2107 decemviro·
1076 2072 1109 2112 no

87 2144 152 2186 rum
166 2125 252 2184 modb
266 2125 407 2201 supplicio
420 2136 501 2185 atrox
512 2128 687 2203 postulatum
701 2129 765 2186 suit
806 2126 884 2186 Dedi
898 2127 1003 2204 quippe
1016 2147 1066 2187 eos

89 2223 202 2280 equum
216 2205 385 2272 censebant,
400 2205 534 2281 vivosque
548 2207 609 2282 igni
623 2216 858 2266 concrematuros
871 2207 1066 2264 miuabantur.

84 2283 192 2360 Legati
206 2283 243 2341 ad
257 2301 310 2340 ea:
333 2287 352 2315 “
363 2282 440 2345 Quae
464 2284 577 2343 consilii
599 2285 725 2365 fuerunt,
740 2284 813 2342 adei>
833 2282 915 2359 aequa
926 2285 1067 2360 postulas·

90 2368 108 2396 “
120 2363 166 2430 tis,
193 2371 225 2420 ut
247 2360 322 2422 ultro
344 2358 425 2421 vobis
449 2343 753 2420 deferentia-suerint:
784 2363 908 2420 libertati
932 2363 1011 2422 enim
1031 2381 1067 2430 ea

90 2446 111 2476 “
121 2439 255 2518 praesidia
266 2441 374 2517 petitis,
389 2460 448 2500 non
471 2441 597 2500 licentiae
612 2442 648 2500 ad
662 2441 876 2518 impugnandos
890 2441 968 2502 alios.
1011 2442 1065 2500 Irae
1076 2472 1105 2514 25

90 2523 221 2580 “vestrae
254 2520 347 2598 magis
378 2519 599 2598 ignoscendum,
633 2521 721 2597 quam
752 2521 965 2598 indulgendum
1001 2532 1066 2591 est3

90 2609 109 2640 ‘⁸
120 2601 226 2678 quippe
239 2601 289 2676 qui
303 2601 482 2660 crudelitatis
495 2601 562 2660 odio
575 2601 606 2658 in
620 2599 823 2658 crudelitatem
836 2600 929 2674 ruitis,
943 2611 973 2658 et
986 2600 1066 2676 prins

88 2684 108 2717 ‘⁴
119 2699 213 2756 paene,
226 2681 313 2756 quam
326 2680 381 2757 ipsi
400 2680 483 2739 liberi
507 2680 578 2754 sitis,
592 2679 735 2740 dominari
752 2679 814 2756 jam
836 2678 869 2738 in
891 2681 1067 2740 adversarlos

89 2763 108 2791 “
119 2759 213 2818 vultis.
254 2759 452 2835 Nunquamne
475 2760 606 2836 quiescet
629 2759 731 2818 civitas
754 2768 852 2818 nostra
875 2759 1064 2833 asuppliciis,

89 2839 109 2869 “·
119 2847 169 2894 aut
182 2836 300 2897 Petrum
321 2839 351 2896 in
372 2838 487 2915 plebem
511 2827 687 2907 Romanam,
709 2846 759 2896 aut
781 2836 873 2914 plebis
894 2836 924 2894 in
939 2837 1039 2894 Patres
1051 2834 1104 2898 Iao

90 2925 109 2954 “
121 2907 213 2974 scuto
235 2915 315 2974 vobis
328 2917 421 2992 magis
441 2917 528 2993 quarn
541 2919 638 2996 gladio
651 2937 723 2994 opus
737 2926 790 2975 est
832 2915 908 2974 Satis
922 2933 1064 2991 superque
1148 2938 1150 2944 ¹

90 2997 109 3027 “
121 2992 238 3056 humilis
251 3006 305 3066 est,
318 2995 367 3070 qui
378 2996 443 3072 jure
465 3015 547 3073 aequo
568 2999 599 3056 in
621 2997 737 3057 civitate
751 2995 829 3064 vivit,
842 3013 901 3054 nec
914 2995 1066 3054 inferendo

90 3075 108 3106 ‘⁴
120 3071 266 3148 injuriam,
280 3090 337 3130 nec
349 3073 495 3148 patiendo.
512 3141 514 3147 ,
537 3077 644 3149 Etiam,
660 3076 813 3152 siquando
830 3075 1002 3134 metuendos
1016 3093 1066 3136 vos

89 3155 109 3184 “
120 3149 275 3238 prebituri·
288 3150 366 3219 estis,
385 3155 682 3233 quum,ssrecuperatis
702 3153 919 3232 magistratibus
940 3153 1066 3229 legibus·

49 3226 52 3242 '
91 3239 110 3270 ‘⁶
121 3245 178 3304 que
191 3237 302 3295 vestris,
314 3228 426 3304 judicia
448 3249 539 3306 penes
564 3254 614 3296 vos
634 3245 720 3292 erunt
741 3235 777 3292 de
791 3233 886 3309 capite
900 3241 997 3290 nostro
1011 3232 1066 3292 sor·
1076 3255 1104 3297 35

89 3311 108 3341 “
120 3305 273 3381 tunisque;
290 3315 375 3380 tunc,
402 3319 435 3366 ut
458 3329 578 3386 quaeque
602 3331 692 3374 causa
717 3313 781 3382 erit,
810 3312 963 3392 statuetis:
985 3329 1065 3370 nuno
1116 3369 1121 3379 ,

91 3386 284 3448 “libertatem
296 3386 387 3463 repeti
400 3387 470 3447 satis
483 3389 555 3447 est.”

129 3543 210 3606 LIV.
231 3543 385 3614 Facerem,
406 3555 439 3603 ut
459 3545 574 3619 vellent,
598 3547 830 3621 permittentibus
851 3545 986 3616 eunctis,¹
1000 3563 1067 3606 mox

89 3624 231 3686 redituros
244 3642 276 3684 se
289 3623 377 3701 legati
390 3624 477 3683 rebus
497 3624 632 3702 perfectis
645 3625 797 3686 affirmant.
838 3628 964 3687 Profecti
978 3644 1067 3703 quum

89 3704 227 3780 mandata
239 3703 332 3782 plebis
354 3703 489 3763 Patribus
512 3704 721 3780 exposuissent,
735 3706 784 3765 alii
798 3706 966 3780 decemviri,
980 3719 1068 3781 quan-
1078 3715 1105 3755 ⁴0

38 3834 45 3842 r
90 3779 256 3858 doquidem,
269 3792 372 3861 preter
392 3799 474 3861 spem
498 3781 635 3860 ipsorum,
659 3784 793 3862 supplicii
806 3785 851 3844 sui
865 3785 946 3846 ursle
958 3782 1068 3844 mentio
