2520 4310
454 327 561 378 LIBER
575 289 662 376 ixx.
679 337 741 374 car.
759 337 855 373 xxxvi.
1081 313 1142 378 241

167 473 269 532 hoaile
283 472 461 553 hebgtarent.
503 469 593 543 Tum,
607 469 657 527 ubi
669 467 765 526 omnis
778 485 843 542 spes
856 474 942 531 esset,
956 462 1061 520 milites
1071 462 1142 521 Car·

168 553 366 628 thaginienses
390 550 552 626 Afrosque:
574 559 616 617 ut,
640 548 775 607 omnibus
799 544 885 602 rebus
909 543 972 602 aliis
992 561 1084 619 pares,
1098 540 1142 614 eh,

168 630 246 706 quod
271 631 376 706 integri
400 649 468 688 curn
492 629 575 686 fessis
596 646 631 685 ao
655 627 762 684 sauciis
789 632 961 702 pugnarent,
984 621 1144 697 superiores

168 721 283 780 essent3
305 710 432 777 Italicos,
444 708 593 767 intervallo
613 725 725 782 quoque
739 706 906 786 diremptos,
926 702 1053 761 incertos
1074 697 1144 758 socii

145 804 207 846 san
222 791 319 848 hostes
333 799 440 862 essent,
454 788 485 846 in
498 791 670 864 postremam
686 785 779 843 aciem
793 783 948 842 submotos.
990 780 1057 837 Hoc
1069 777 1147 860 adige

169 869 248 926 velut
273 869 374 926 ultimo
402 865 514 946 virtutis
536 885 633 942 opere,
657 864 817 936 Hannibal,
843 881 931 938 quum
952 860 1147 918 Adrumetum

119 1001 121 1005 .
169 948 332 1025 refugisset,
347 947 514 1022 accitusque
526 946 594 1002 inde
608 944 826 1019 Carthaginem,
848 952 929 999 sexto
944 959 979 997 ac
999 938 1148 1016 trigesimo

169 1025 235 1102 post
249 1047 325 1084 anno
338 1024 424 1101 quam
437 1045 510 1101 puer
522 1024 590 1081 inde
604 1023 755 1099 profectus
770 1032 841 1093 erat,
862 1021 994 1087 redisset,
1009 1018 1102 1076 sessus
1115 1017 1147 1076 iu

168 1106 249 1166 curie
262 1116 316 1172 est,
337 1124 395 1162 non
409 1103 510 1180 praelio
530 1101 615 1160 modi>
638 1121 680 1175 se,
695 1102 745 1158 red
771 1100 846 1158 bello
859 1099 978 1174 victum,
994 1115 1053 1156 nec
1064 1115 1145 1174 spem

136 1201 160 1241 ro
167 1184 268 1242 salutis
279 1184 359 1254 alibi,
374 1184 460 1260 quim
474 1183 505 1241 in
519 1200 592 1257 pace
606 1181 795 1264 impetrandi,
810 1198 882 1238 esse.

207 1341 357 1400 XXXVI.
378 1341 489 1418 Scipio,
511 1341 662 1400 confestim
686 1359 705 1398 a
717 1338 818 1417 proelio
831 1337 1006 1416 expugnatis
1019 1335 1146 1396 hostium

167 1423 271 1480 castris
295 1421 480 1498 direptisque,
505 1439 572 1478 cum
594 1419 706 1495 ingenti
730 1420 827 1494 praedal
852 1421 887 1476 ad
909 1437 988 1477 mare
1002 1437 1038 1475 ac
1059 1434 1148 1474 naves
1207 1415 1209 1422 ’

169 1500 275 1571 rediit;
296 1501 399 1558 nuntio
422 1501 517 1567 allato,
539 1495 573 1556 Ρζ
596 1497 764 1555 Lentulum·
777 1516 845 1554 cum
869 1497 1077 1573 quinquaginta
1090 1513 1148 1554 ros·

168 1580 260 1648 traria,
285 1589 404 1638 centum
426 1578 574 1649 onerariis,
599 1596 667 1634 cum
681 1576 760 1634 omni
781 1594 888 1652 genere
902 1575 1089 1642 commeatus,
1111 1574 1148 1632 ad

134 1657 285 1718 aaUticam
307 1658 474 1717 accessisse.
517 1658 740 1715 Admovendum
759 1655 847 1732 igitur
868 1654 996 1728 undique
1010 1665 1149 1710 terrorem

168 1739 309 1813 perculsae
331 1737 501 1815 Carthagini
524 1747 613 1804 ratus,
635 1736 722 1793 misso
736 1734 826 1792 Laelio
839 1730 965 1792 Romam
981 1751 1048 1790 curn
1063 1731 1150 1789 victo-

169 1817 220 1874 riae
233 1817 346 1886 nuntio,
362 1817 417 1876 Cn.
432 1816 588 1876 Octavium
610 1814 736 1872 terrestri
761 1813 864 1871 itinere
887 1813 994 1870 ducere
1014 1809 1148 1886 legiones

170 1895 379 1974 Carthaginem
400 1897 502 1973 jubet:
523 1897 595 1972 ipse,
619 1895 657 1952 ad
681 1913 762 1953 suam
787 1903 913 1951 veterem
938 1891 1013 1950 novit
1031 1888 1149 1948 Lentuli

114 2047 116 2050 Ι
170 1974 263 2033 classe
288 1976 436 2053 adjuncta,
458 1975 603 2052 profectus
617 1975 653 2032 ab
666 1973 754 2032 Utica
768 1984 880 2050 portum
901 1970 1088 2046 Carthaginis
1101 1987 1150 2044 pe·

130 2067 160 2107 2⁰
170 2053 213 2112 tit.
256 2055 344 2112 Haud
357 2054 456 2132 procul
468 2056 578 2128 aberat,
600 2073 688 2130 quum
702 2053 794 2110 velata
808 2052 906 2110 insulis
920 2051 1063 2126 ramisque
1077 2049 1148 2107 oleae

169 2133 455 2212 Carthaginiensium
467 2135 595 2193 occurrit
609 2133 698 2191 navis.
740 2132 852 2210 Decem
867 2131 954 2208 legati
975 2139 1058 2188 erant
1072 2129 1149 2204 prin-

166 2212 249 2289 cipes
269 2214 402 2287 civitatis,
424 2225 541 2274 auctore
566 2212 733 2280 Hannibale
757 2211 837 2270 missi
861 2211 1074 2287 adpetendam
1098 2227 1149 2285 pa-

167 2311 253 2350 cem:
274 2294 323 2369 qui
336 2313 425 2368 quum
439 2295 476 2351 ad
500 2293 617 2369 puppim
637 2292 776 2368 praetoriae
790 2291 872 2350 navis
886 2290 1087 2355 accessissent,
1102 2306 1149 2346 ve·

167 2371 295 2429 lamenta
324 2371 490 2446 supplicum
523 2372 711 2446 porrigentes,
745 2382 871 2438 orantes,
905 2369 1149 2444 implorantesque

129 2449 256 2506 aelidem
277 2460 307 2507 et
327 2449 553 2507 misericordiam
568 2449 730 2522 Scipionis3
751 2448 912 2506 nullumiis
933 2447 1010 2504 aliud
1031 2465 1150 2520 respou-

167 2547 233 2586 sum
255 2528 364 2596 datum,
389 2527 474 2603 quim
496 2536 528 2584 ut
549 2526 698 2584 Tunetem
722 2527 872 2584 venirent:
893 2525 928 2581 eb
952 2543 983 2582 se
1002 2535 1148 2582 moturum

166 2618 281 2666 castra:
303 2608 364 2684 ipse
384 2608 422 2664 ab
437 2605 630 2682 contemplato
653 2604 710 2662 situ
725 2603 920 2692 Carthaginis,
936 2623 994 2660 non
1010 2614 1068 2660 tam
1083 2623 1148 2661 nos·

169 2688 255 2744 cendi
279 2687 310 2745 in
323 2686 487 2763 praesentiri,
502 2685 586 2761 quim
609 2685 790 2760 deprimendi
804 2683 893 2742 hostis
907 2683 1006 2757 causa,
1020 2681 1148 2757 Uticam,

169 2763 270 2824 eddam
285 2776 315 2824 et
337 2766 461 2824 Octavio
485 2774 627 2836 revocato,
641 2764 735 2822 rediit.
778 2763 851 2834 Inde
871 2762 1096 2840 procedentibus
1111 2763 1145 2836 ad

129 2858 158 2898 so
170 2844 319 2904 Tunetem
343 2845 464 2904 nuntius
484 2845 597 2912 allatus,
611 2843 792 2916 Verminam,
806 2843 948 2918 Syphacis
962 2842 1063 2916 filium,
1078 2863 1146 2902 cum

166 2925 312 2999 equitibus
326 2924 453 3000 pluribus
467 2923 555 3000 quhm
568 2924 723 3000 peditibus,
744 2923 843 2981 venire
857 2922 1147 3001 Carthaginiensibus

168 3003 284 3061 auxilio.
326 3002 396 3061 Pars
422 3003 566 3062 exercitiis
589 3022 657 3061 cum
681 3003 760 3061 omni
788 3003 916 3078 equitatu
945 3004 1147 3062 Saturnalibus

24 3080 26 3084 ’
79 3146 82 3151 ,
167 3082 267 3158 pr’imis
280 3101 385 3160 agmen
405 3101 549 3160 aggressa,
574 3081 605 3141 N
608 3083 719 3152 umidas
729 3083 784 3140 levi
798 3084 957 3142 certamine
972 3084 1064 3142 fudit:
1086 3084 1147 3142 exi·

167 3173 197 3221 tu
211 3163 413 3240 quoque'fugae
428 3163 594 3244 intercluso,
619 3174 729 3239 aparte
750 3163 828 3222 omni
843 3163 1031 3222 circumdatis
1045 3163 1148 3239 equiti·

129 3255 158 3296 ³5
168 3242 231 3311 bus,
246 3243 413 3318 quindecim
427 3243 517 3301 millia
530 3243 679 3320 hominum
694 3256 787 3314 caesa3
810 3243 888 3301 mille
907 3254 936 3302 et
956 3243 1076 3302 ducenti
1090 3241 1146 3298 vivi

169 3320 245 3396 capti
260 3331 337 3394 sunt,
351 3333 381 3380 et
402 3321 468 3396 equi
490 3320 643 3380 Numidici
665 3323 743 3380 mille
757 3333 786 3380 et
800 3323 961 3400 quingenti,
975 3323 1059 3396 signa
1072 3319 1147 3376 mili-

168 3401 241 3460 taria
264 3399 323 3458 duo
346 3409 376 3457 et
399 3401 589 3476 septuaginta.
641 3401 775 3478 Regulus
801 3403 862 3478 ipse
889 3403 964 3460 inter
990 3398 1147 3456 tumultum

167 3499 236 3538 cum
257 3478 360 3556 paucis
384 3479 494 3556 effugit
536 3478 617 3537 Tum
631 3481 666 3538 ad
691 3482 839 3539 Tunetem
853 3482 966 3547 eodem,
981 3497 1037 3552 quo
1051 3487 1146 3551 antea,

168 3558 233 3618 loco
247 3569 343 3616 castra
355 3558 467 3634 posita3
489 3559 633 3635 legatique
654 3561 773 3638 triginta
786 3559 963 3636 Carthagine
977 3557 1014 3614 ad
1036 3557 1148 3632 Scipio-

63 3645 64 3648 ’
129 3656 236 3702 ιοῃθιη
250 3648 408 3696 venerunt:
431 3648 461 3696 et
484 3638 525 3696 illi
538 3639 655 3715 quidem
676 3639 767 3698 multia
782 3637 982 3704 miserabilihs,
996 3636 1083 3711 quim
1097 3655 1148 3695 an·

167 3716 207 3792 te,
224 3715 294 3796 (qud
308 3717 401 3794 magis
424 3719 547 3795 cogebat
561 3719 689 3799 fortuna)
706 3728 849 3796 egerunt:
871 3717 922 3774 sed
936 3716 1082 3791 aliquanto
1095 3717 1148 3776 mi·

166 3815 237 3856 nore
261 3817 330 3856 cum
354 3797 551 3861 misericordie
575 3800 611 3858 ab
625 3799 738 3859 recenti
762 3796 898 3857 memorii
912 3797 1041 3874 perfidiae
1055 3798 1146 3858 auditi

541 3879 581 3938 21
869 3903 871 3909 ⁴
