2556 4314
490 305 841 360 amastrianam.
873 295 877 302 ’
940 343 946 350 -
1097 311 1154 372 103

180 463 265 523 quam
279 447 383 505 urbem
396 449 613 524 egrederentur,
625 449 706 526 leges
719 448 934 522 decemvirales,
939 450 1048 530 quibus
1061 456 1080 484 “
1092 451 1152 516 Ta·
1259 477 1261 488 ⁴

182 525 287 603 “bul-is
310 525 477 586 Duodecim
488 529 505 555 ''
530 537 574 586 est
600 547 717 597 nomen,
732 529 763 586 in
785 547 825 586 res
848 528 964 600 incisas,
988 530 1018 587 in
1035 529 1152 606 publico

179 615 399 682 proposuerunt.
441 606 526 674 Sunt,
551 606 600 682 qui
613 607 704 685 ¹jussu
727 606 908 669 tribunorum
929 607 1026 667 reddes
1039 607 1152 682 functus

180 683 391 744 commisterio
404 685 540 745 scribant.
648 749 651 758 ,
1109 719 1113 731 .

131 867 133 872 ·
151 853 171 893 ⁵
224 839 336 900 LVIII.
358 839 396 900 C.
408 841 548 900 Claudius
573 840 645 917 (qui,
659 861 779 919 perosus
792 842 1020 903 decemvirorum
1035 844 1153 913 scelera,

181 930 213 978 ct
226 931 293 978 ante
305 939 407 978 omnes
428 920 522 982 fratris
535 920 586 978 lilii
600 921 893 996 superbiae'infestus,
908 922 1069 999 Regillum,
1084 924 1155 982 anti·

179 997 269 1073 quam
281 998 311 1055 in
326 999 456 1074 patriam,
471 1017 503 1056 se
526 999 712 1079 contulerat),
726 1001 751 1058 is
772 1019 879 1079 magno
888 1001 949 1078 jam
969 1012 1051 1070 natu,
1065 1021 1154 1077 quum
1201 1061 1209 1073 ,
1261 1053 1262 1070 ,

179 1078 217 1134 ad
233 1077 364 1154 pericula
386 1077 450 1154 ejus
474 1078 658 1154 deprecanda
676 1079 807 1149 redisset,
831 1079 915 1156 cujus
939 1079 1009 1138 vitia
1031 1080 1152 1157 fugerat,
1260 1077 1262 1088 ⁴

179 1155 341 1214 sordidatus
365 1175 435 1214 curn
455 1157 613 1233 gentilibus
637 1157 849 1234 clientibusque
870 1159 900 1217 in
924 1157 985 1217 loro
997 1159 1153 1234 prensabat

146 1245 171 1287 1⁰
180 1235 307 1312 singulos
321 1254 330 1305 3
350 1237 518 1311 orabatque,
540 1245 559 1272 ‘⁴
568 1235 616 1294 Ne
630 1236 761 1295 Claudiae
780 1237 861 1314 genti
874 1256 939 1296 eum
952 1238 1079 1298 inustam
1092 1255 1153 1297 ms·

182 1324 201 1352 “
210 1314 305 1373 culam
327 1313 442 1388 vellent,
466 1326 498 1373 ut
521 1333 638 1373 carcere
662 1327 691 1374 et
712 1316 836 1374 vinculis
856 1315 1021 1375 viderentur
1048 1316 1149 1393 digni:
1173 1319 1176 1326 '

182 1402 201 1430 “
213 1394 314 1462 virum,
329 1393 557 1452 honoratissimae
571 1393 706 1470 imaginis
720 1395 847 1453 flaturum
855 1395 891 1452 ad
904 1406 1041 1471 posteros,
1053 1395 1151 1472 legum

181 1477 201 1524 ‘l
210 1473 330 1532 latorem
351 1473 588 1548 conditoremque
606 1473 735 1531 Romani
753 1473 835 1550 juris,
854 1473 951 1550 jacere
965 1475 1095 1533 vinctum
1109 1475 1152 1534 iu·

181 1555 198 1583 ‘¹
211 1561 252 1610 ter
266 1553 344 1610 fures
356 1562 514 1611 nocturnos
527 1571 563 1610 ac
576 1551 709 1611 latrones.
749 1552 923 1611 Averterent
933 1553 970 1610 ab
982 1553 1026 1611 iri
1038 1573 1152 1640 parum-

144 1639 263 1706 w‘per
287 1632 324 1688 ad
347 1650 382 1689 cu
423 1631 542 1689 itionem
564 1631 825 1708 cogitationemque
849 1631 979 1700 animos,
1007 1641 1039 1690 et
1059 1633 1152 1708 potitis

181 1717 306 1766 “unum
331 1720 373 1768 tot
436 1707 530 1768 aiudiis
563 1709 787 1786 deprecantibus
821 1709 1027 1781 condonarent,
1055 1709 1150 1785 quint,

180 1791 324 1864 “propter
349 1789 434 1847 unius
454 1789 563 1861 odium,
598 1788 754 1848 multorum
774 1805 876 1864 preces
900 1787 1150 1864 adspemarentur.

179 1871 197 1898 ¹‘
210 1867 249 1942 Sc
262 1886 374 1943 quoque
388 1867 418 1926 id
431 1868 532 1945 generi
556 1887 591 1926 ac
614 1866 727 1928 nomini
751 1866 829 1939 dare,
844 1885 900 1925 nec
914 1885 982 1924 cum
995 1885 1031 1925 eo
1044 1867 1075 1926 iu
1089 1885 1151 1945 gra·
1207 1917 1212 1926 .

179 1945 278 2003 “tiam
305 1948 421 2020 redisse,
449 1947 533 2025 cujus
566 1948 694 2006 adverse
721 1945 841 2006 fortunae
868 1945 936 2003 velit
969 1963 1148 2006 succursum.

63 2067 66 2072 -
141 2025 508 2085 sewardeshusun
529 2036 727 2103 recuperatam
751 2043 831 2084 esser
852 2024 1009 2084 clementii
1030 2044 1150 2087 concor·

178 2110 199 2140 ‘⁴
212 2103 291 2162 diam
304 2105 436 2164 ordinum
459 2105 579 2164 stabiliri
600 2107 712 2184 posse.”
754 2100 856 2179 Erant,
870 2123 942 2180 quos
955 2116 1081 2164 moveret
1095 2107 1149 2166 sui

176 2183 271 2260 magis
280 2184 395 2259 pietate,
410 2183 498 2259 quarn
509 2185 581 2262 ejus,
605 2205 656 2262 pro
679 2205 735 2262 quo
759 2185 871 2263 agebat,
886 2184 994 2244 causi:
1016 2185 1067 2243 sed
1081 2185 1148 2244 Vir-

174 2261 282 2338 ginius,
297 2266 315 2294 ‘¹
326 2263 370 2320 sui
383 2263 476 2338 potiris
487 2273 519 2323 ut
532 2265 767 2333 misererentur,”
779 2265 889 2333 orabat,
899 2269 916 2297 ‘⁴
928 2264 1051 2340 filiaque
1064 2283 1070 2321 :
1092 2282 1148 2326 nec

176 2341 301 2417 “gentis
314 2340 446 2401 claudia
459 2362 582 2420 regnum
596 2344 626 2401 in
639 2345 754 2420 plebem
774 2347 890 2412 sortitu,
905 2343 956 2402 sed
970 2344 1148 2404 necessario·

139 2429 166 2470 ἰῶ
176 2424 195 2456 “
206 2439 270 2478 rum
283 2420 425 2498 Virginius
448 2432 479 2480 et
498 2422 585 2480 trium
598 2423 779 2482 tribunorum
799 2441 900 2498 preces
914 2421 1065 2492 audirent3
1087 2423 1152 2498 qui,

175 2502 195 2530 “
206 2499 243 2557 ud
255 2499 395 2557 auxilium
410 2499 502 2574 plebis
515 2499 615 2568 creati,
630 2500 684 2575 ipsi
699 2498 790 2574 plebis
807 2499 895 2557 fidem
908 2509 993 2573 atque
1007 2500 1147 2559 auxilium

175 2586 195 2614 ‘⁶
208 2577 421 2655 implorarent.'’
464 2577 482 2634 J
485 2577 605 2636 ustiores
628 2579 673 2634 hae
685 2578 819 2651 lacrymae
832 2576 1019 2635 videbanturt
1041 2577 1148 2653 itaque,

173 2674 224 2734 spe
247 2658 352 2731 incisd,
378 2656 545 2733 priusquam
567 2656 698 2731 prodicta
724 2655 787 2712 dies
812 2655 933 2726 adesset,
958 2653 1071 2729 Appius
1092 2657 1147 2715 sibi

173 2745 295 2795 mortem
315 2734 469 2796 conscivit.
511 2734 642 2792 Subinde
666 2744 794 2810 arreptus
815 2753 833 2793 a
855 2733 888 2792 P.
910 2733 1074 2795 Numitorio
1094 2735 1144 2813 Sp.

138 2814 295 2892 ³⁰0ppius‚
310 2815 457 2893 proximus
470 2814 596 2883 invidiae,
607 2812 685 2890 qudd
700 2813 730 2873 in
744 2813 822 2873 Urbe
836 2812 938 2884 fuerat,
951 2810 1040 2889 quum
1055 2813 1145 2894 iujus-

171 2904 209 2952 ta
222 2894 357 2952 vindiciae
371 2913 388 2952 a
401 2892 513 2970 collegi
527 2894 700 2952 dicerentur.
742 2892 816 2952 Plus‘
834 2903 932 2952 tamen
949 2893 1026 2952 sacta
1039 2891 1145 2972 injuria

171 2969 279 3049 Oppio,
293 2971 379 3048 qudm
392 2992 450 3031 non
471 2973 622 3050 prohibita,
637 2972 752 3031 invidiae
767 2972 854 3048 fecit:
875 2971 956 3031 testis
974 2973 1141 3049 productus,

170 3050 231 3125 qui,
247 3061 355 3126 septem
368 3061 398 3108 et
420 3051 520 3129 viginti
533 3052 709 3112 enumeratis
722 3051 882 3128 stipendiis,
899 3051 991 3110 octies
1004 3064 1085 3112 erma
1097 3074 1142 3113 or·
1194 3067 1199 3072 ’

169 3129 271 3186 dinem
297 3131 428 3205 donatus,
455 3131 586 3207 donaque
612 3149 649 3189 ea
671 3149 775 3208 gerens
798 3131 829 3189 in
850 3141 1009 3208 conspectu
1031 3134 1138 3210 populi

133 3207 261 3266 rescissi
273 3219 351 3268 veste
375 3220 489 3288 tergum
512 3211 671 3270 laceratum
693 3209 779 3287 virgis
797 3211 932 3278 ostendit,
954 3209 1078 3271 nihilum
1091 3215 1140 3273 de-

168 3305 301 3363 precans,
315 3289 424 3364 “quin,
439 3289 463 3347 si
483 3305 569 3364 quam
592 3289 677 3347 suam·
696 3308 800 3348 noxam
823 3308 890 3349 reus
911 3288 1009 3349 dicere
1031 3303 1138 3367 posset,

170 3367 329 3443 “privatus
346 3367 451 3427 iterum
474 3367 504 3426 in
528 3387 559 3426 se
582 3367 722 3426 saeviret.”
764 3367 875 3444 Oppius
898 3387 1009 3444 quoque
1032 3370 1139 3428 ductus

167 3443 199 3503 in
223 3445 340 3504 vincula
360 3455 414 3518 est,
435 3455 465 3503 et
484 3456 551 3504 ante
568 3446 673 3523 judicii
694 3447 771 3505 diem
794 3446 883 3505 finem
905 3447 946 3507 ibi
966 3449 1031 3506 vitae
1059 3447 1136 3506 fecit
1153 3451 1161 3466 ¹

166 3522 252 3582 Bona
265 3524 382 3582 Claudii
395 3523 539 3601 Oppiique
551 3526 660 3585 tribuni
683 3527 884 3603 publicavere:
905 3527 1023 3602 college
1036 3541 1136 3582 eorum

131 3602 262 3664 ttexsilii
286 3603 377 3661 causi
402 3604 494 3662 solum
519 3615 684 3663 verterunt:
716 3606 793 3664 bona
832 3604 958 3663 ublieata
980 3609 1056 3659 sunt.
1097 3598 1137 3656 Et

166 3681 209 3743 M.
223 3681 375 3751 Claudius,
390 3692 510 3742 assertor
523 3683 674 3761 Virginius,
688 3683 736 3742 die
749 3683 797 3742 dic
849 3682 1010 3764 damnatus,
1019 3676 1081 3750 ipso
1093 3693 1137 3734 rc·

165 3761 299 3822 mittente
312 3761 448 3842 Virginio
468 3760 598 3822 ultimam
618 3779 746 3838 poeuam,
769 3759 914 3824 unium.
938 3753 1033 3812 '1¹¹¹'OE
1053 3769 1136 3814 0¹³ss-
