2556 4314
143 307 184 367 96
216 303 221 310 “
246 253 271 314 ⁸·
501 321 505 330 ·
548 301 723 352 'r1'r1L1v11

145 450 191 508 his
201 467 265 525 quae
279 457 345 505 acta
358 446 463 505 Rome
477 443 822 522 audierant„perturbati,
837 444 910 503 alius
922 445 954 504 in
967 447 1052 507 aliam
1060 467 1126 526 par·

144 539 202 588 tem
217 538 387 599 castrorum,
405 525 445 583 ad
469 525 613 584 sedandos
633 536 728 584 motus
751 525 937 583 discurrunt:
962 537 996 584 et
1019 529 1124 590 leniter

145 608 298 685 agentibus
321 625 491 682 responsum
515 625 573 664 non
594 605 741 663 reddituri
763 605 916 682 imperium
935 605 960 664 si
974 608 1038 682 quis
1051 609 1126 682 'uhi-
1188 619 1200 628 “

145 687 235 760 beret,
261 691 321 743 “et
344 685 420 743 viros
443 695 473 742 et
486 694 609 743 armatos
630 704 662 742 se
686 687 779 754 esse‚”
802 686 1002 760 respondetur.
1044 687 1125 748 Eunt

145 766 261 843 agmine
284 765 321 823 ad
334 764 444 822 Urbem
467 775 497 822 ct
521 763 703 822 Aventinum
724 764 875 834 insidunt3
896 775 929 824 ut
942 765 1063 841 quisque
1076 787 1124 828 oo·
1148 780 1162 820 5

144 851 283 919 currerat,
311 844 427 920 plebem
440 843 488 900 'ad
521 844 709 920 repetendam
735 844 898 906 libertatem
925 847 1124 922 creandosque

143 925 274 984 tribunos
287 922 389 999 ‘plebis
413 923 618 981 adhortantes:
639 923 696 980 alia
715 941 771 981 vox
791 923 872 982 nulla
884 924 1011 983 violenta
1024 927 1124 986 audita

143 1016 197 1063 est.
238 1005 379 1062 Senatum
401 1003 450 1078 Sp.
475 1001 588 1079 Oppius
612 1003 717 1060 habet:
739 1002 812 1060 nihil
826 1003 922 1078 placet
936 1003 1037 1080 aspere
1052 1006 1121 1082 agir

143 1083 249 1159 quippe
271 1083 307 1140 ab
331 1081 401 1157 ipsis
422 1080 522 1139 datum
542 1082 639 1139 locum
661 1080 811 1144 seditionis
837 1101 909 1140 esse.
963 1084 1123 1144 Mittuntur

142 1173 207 1221 tres
214 1161 303 1238 legati
317 1160 493 1234 consulares,
509 1161 559 1236 sp.
574 1160 729 1237 Tarpejus,
741 1160 776 1218 O.
791 1160 898 1235 Julius,
912 1162 944 1220 P.
961 1163 1121 1239 Sulpicius,
1135 1181 1161 1221 10

143 1241 193 1318 qui
206 1251 369 1317 quaererent
392 1241 507 1298 senatus
530 1239 634 1313 verbis,
649 1240 764 1316 “cujus
776 1240 859 1316 jussu
873 1251 968 1299 castra
981 1243 1123 1303 deseruis-

145 1322 260 1379 “sentl
282 1330 332 1378 aut
344 1319 414 1395 quid
438 1319 493 1378 sibi
516 1320 632 1387 vellent,
650 1319 700 1394 qui
724 1320 827 1380 armati
846 1321 1026 1380 Aventinum
1038 1324 1122 1382 obse·

144 1405 164 1434 “
176 1401 306 1470 dissent3
327 1399 459 1475 belloque
473 1417 572 1458 averso
593 1400 630 1456 ab
643 1399 784 1473 hostibus,
799 1400 920 1476 patriam
934 1420 1016 1459 suam
1030 1402 1122 1478 cepis·

145 1479 289 1538 “sentl”
343 1479 413 1537 Non
440 1478 540 1552 defuit,
568 1478 637 1553 quid
660 1481 901 1556 responderetur:
919 1481 1045 1549 deerat,
1072 1481 1121 1557 qui

52 1570 65 1580 ‘
144 1559 226 1617 daret
249 1575 429 1634 responsum,
444 1558 524 1617 nullo
547 1558 617 1615 dum
641 1569 721 1617 certo
735 1559 821 1633 duce,
835 1578 892 1616 nec
906 1560 976 1617 satis
990 1560 1160 1620 audenti-15

80 1706 82 1709 ¹
144 1639 199 1697 bus
212 1637 334 1715 singulis
348 1637 463 1697 invidiae
477 1657 508 1696 se
521 1637 634 1712 offerre.
676 1637 712 1695 Id
726 1637 841 1696 modos
854 1639 1039 1698 multitudine
1053 1659 1122 1698 oon·

112 1780 114 1784 ,
144 1718 301 1779 clamatum
314 1728 368 1794 est,
384 1727 447 1776 “ut
470 1717 504 1776 L.
516 1717 678 1775 'Valerium
692 1728 721 1775 et
735 1717 778 1776 M.
793 1718 948 1778 Horatium
962 1720 999 1778 ad
1013 1738 1044 1777 se
1057 1720 1122 1778 mit·

145 1807 166 1836 “
174 1808 284 1858 terent:
306 1798 352 1856 his
365 1816 397 1857 se
411 1799 527 1856 daturos
540 1798 738 1874 responsum.'’

183 1955 235 2013 LI.
256 1955 392 2013 Dimissis
414 1955 528 2032 legatis,
553 1956 689 2014 admonet
706 1954 812 2013 milites
835 1954 997 2032 Virginius,
1011 1959 1031 2010 ‘.‘
1043 1955 1121 2013 inre

145 2043 165 2073 “
174 2051 233 2092 non
246 2034 372 2096 maxime
393 2033 479 2111 paulo
503 2035 569 2092 ante
583 2036 757 2111 trepidatum
778 2053 852 2103 esse,
861 2035 934 2110 'quia
947 2034 1010 2092 sine
1025 2035 1120 2111 capite
1132 2048 1162 2090 ao

144 2113 330 2172 “multitudo
343 2113 447 2172 suerit:
468 2134 704 2192 responsumque,
712 2133 885 2190 quamquam
898 2133 957 2172 non
964 2113 1120 2187 inutiliter,

144 2193 291 2252 “fortuito
314 2203 412 2252 tamen
436 2195 529 2270 magis
552 2213 708 2268 consensu,
732 2194 818 2269 quam
832 2190 979 2257 communi
997 2193 1121 2252 consilio

144 2276 244 2330 “esse.
286 2272 405 2331 Placere
429 2275 532 2331 decem
553 2274 655 2342 creari,
677 2273 726 2348 qui
750 2292 870 2330 summe
891 2273 933 2330 rei
953 2282 1121 2347 praeessent,

82 2347 88 2354 '
145 2351 348 2428 “militarique
372 2353 481 2428 honore
502 2353 632 2411 tribunos
653 2352 778 2410 militum
801 2351 965 2428 appellari.''
1017 2351 1121 2428 Quum

145 2431 183 2490 ad
206 2449 274 2490 eum
297 2433 391 2508 ipsum
414 2432 540 2509 primum
563 2432 588 2490 is
611 2434 709 2490 honos·
724 2431 894 2504 deterretur,
921 2430 1157 2495 “Melioribusss

144 2511 246 2570 “meis
259 2512 416 2588 vestrisque
430 2513 516 2570 rebus
529 2510 705 2579 reservate,'‘
726 2510 830 2584 inquit;
845 2520 864 2548 “
873 2511 929 2568 ista
952 2511 988 2568 de
1010 2528 1056 2568 me
1074 2511 1121 2586 ju-

145 2591 259 2653 “dicia¹
300 2591 368 2650 Neo
390 2591 461 2650 mihi
485 2590 544 2648 filia
564 2590 657 2648 inulta
680 2590 819 2647 honorem
840 2589 931 2647 ullum
947 2634 949 2638 .
955 2589 1120 2666 jucundum

132 2675 163 2705 '“
174 2689 239 2728 esse
258 2671 384 2747 patitur3
418 2689 475 2728 nec
499 2670 530 2727 in
550 2670 716 2745 perturbati
738 2668 887 2744 republical
907 2687 957 2725 eos
978 2669 1048 2726 utile
1075 2678 1121 2725 est

144 2753 297 2823 “preesse
321 2749 411 2816 vobis,
436 2749 486 2823 qui
508 2748 634 2824 proximi
651 2747 768 2806 invidiae
790 2747 855 2804 sint
905 2747 937 2804 Si
961 2747 1026 2820 quis
1049 2765 1121 2804 usus

61 2830 62 2838 ’
144 2826 233 2882 “mei
257 2837 310 2899 est,
334 2827 426 2885 nihilo
449 2827 542 2885 minor
566 2847 602 2885 ex
621 2827 732 2902 privato
755 2825 913 2903 capietur.”
953 2825 999 2882 Ita
1013 2826 1156 2891 decemso
1221 2877 1223 2880 .
1264 2851 1269 2908 ζ

142 2913 263 2977 numero
277 2905 407 2972 tribunos
420 2905 557 2964 militares
568 2898 676 2966 o'reant.
717 2904 822 2980 Neque
836 2905 866 2963 in
881 2903 996 2962 Sabinis
1009 2904 1121 2978 quievit

142 2982 306 3042 exercitus:
327 2984 368 3041 ibi
382 2997 503 3059 quoque,
518 2996 635 3044 auctore
649 2984 733 3043 Icilio
746 2984 977 3060 Numitorioque,
992 2984 1120 3042 secessio

93 3064 94 3068 ’
112 3120 114 3132 ,
142 3063 180 3120 ab
193 3062 365 3139 decemviris
388 3063 466 3121 sacta
486 3074 539 3139 est,
554 3085 613 3124 non
632 3065 743 3123 minore
757 3075 837 3122 motu
851 3064 1012 3121 animorum
1026 3063 1119 3121 Siccii

142 3141 232 3201 caedis
255 3141 393 3200 memoria
413 3146 555 3218 revocate,
569 3145 655 3219 quem
669 3163 755 3220 quem
768 3162 844 3202 nova
864 3143 941 3200 sama
954 3143 995 3222 de·
1005 3141 1118 3218 virgine

142 3219 216 3278 aded
230 3219 306 3278 foeds
318 3222 355 3279 ad
375 3221 526 3280 libidinem
549 3223 638 3299 petits
661 3223 845 3282 accenderat.
887 3221 988 3280 Icilius
1004 3220 1054 3278 ubi
1069 3239 1153 3282 auus

141 3299 223 3373 divit,
238 3299 367 3359 tribunos
390 3301 514 3360 militum
532 3302 563 3360 in
585 3303 732 3371 Aventino
746 3312 868 3370 creatos,
883 3321 921 3360 ne
935 3300 1119 3359 comitiorum

142 3375 308 3439 militarium
318 3381 535 3457 prerogativam
549 3382 660 3440 urbana
673 3382 791 3440 comitia
804 3381 908 3440 iisdem
922 3380 1045 3439 tribunis
1057 3379 1119 3455 ple·

141 3459 186 3519 bis
210 3459 344 3518 creandis
367 3471 564 3534 sequerentur,
577 3461 686 3536 peritus
707 3480 804 3520 rerum
817 3460 1010 3538 popularium,
1025 3459 1119 3517 immi-

140 3558 272 3617 nensque
285 3539 313 3598 ei
328 3535 476 3616 potestati,
491 3550 521 3597 et
541 3539 602 3616 ipse
625 3539 716 3626 prius,
733 3541 822 3616 quam
839 3541 930 3599 iretur
944 3541 980 3597 ad
997 3538 1118 3611 Urbem,

139 3620 202 3696 pari
215 3628 355 3697 potestate
375 3619 511 3677 eumdem
534 3637 687 3684 numerum
709 3620 745 3678 ab
769 3621 829 3678 suis
850 3621 1010 3690 creandum
1024 3627 1154 3682 curato

141 3698 227 3758 Portfi
240 3697 357 3758 colline
369 3697 480 3756 Urbem
501 3697 644 3755 intravere
665 3698 719 3756 sub
744 3699 845 3776 signis,
868 3699 1020 3773 medieque
1040 3697 1118 3754 urbe

141 3779 257 3852 agmine
283 3778 314 3838 in
335 3777 514 3838 Aventinum
534 3786 679 3856 pergunt:
698 3777 749 3847 ibi,
773 3777 924 3856 conjuncti
937 3776 1020 3836 alteri
1033 3785 1118 3839 exer·
