2520 4296
107 329 170 394 η
508 323 797 376 mrrmn·

107 470 321 545 “reducerent,
344 469 383 530 ad
405 485 474 530 eum
493 468 638 548 privatum
657 485 697 528 ex
720 466 1091 539 rillasntertrahendmo,

107 551 178 610 “ad
199 568 318 610 canum
338 549 505 619 dicendam,
526 548 641 608 mittere
654 566 713 607 non
729 547 917 606 audeamus.”
960 547 1089 607 Tribuni

106 629 211 708 plebis,
225 629 360 708 appellati
375 630 413 688 ab
425 629 459 688 L.
471 629 621 706 Scipione,
638 627 680 686 ita
692 627 894 696 decreverunt,
916 631 936 662 ⁸‘
948 627 982 685 Si
995 627 1090 686 morbi

107 715 128 746 ‘⁴
139 709 231 769 cansl
242 720 439 783 excusaretur,
452 709 508 768 sibi
521 710 648 786 placere,
661 706 756 783 accipi
769 725 835 766 eam
855 724 985 782 causam,
999 707 1091 765 diern·

108 797 197 866 “qne
210 807 230 848 a
241 789 361 866 collegis
383 788 523 865 prodici.”
565 787 718 847 Tribunus
730 786 823 862 plebis
843 805 881 845 eo.
893 796 1023 862 tempore
1036 785 1088 846 Ti.
1112 801 1128 846 s

107 869 299 946 Sempronius
321 857 474 928 Gracch‘ti's
497 877 568 940 erat,
582 867 631 926 cui
644 865 805 926 inimicitie
818 884 887 924 oum
901 865 934 923 P.
949 865 1090 943 Scipione

107 947 348 1008 intercedebant:
370 948 404 1017 is,
418 966 506 1023 quum
528 946 666 1006 vetuisset
679 964 785 1004 nomen
800 964 884 1004 suurn
898 945 1017 1005 decreto
1029 945 1091 1005 col·

108 1026 239 1104 legurum
262 1027 397 1099 adscribi,
421 1026 632 1102 tristioremque
652 1044 755 1084 omnes
775 1025 948 1083 sententiam
968 1043 1092 1101 exspec-

107 1115 212 1180 terent
236 1106 277 1164 ita
297 1106 445 1165 decrevit:
479 1105 613 1168 “Quum
637 1104 672 1163 L.
687 1104 788 1180 Scipio
808 1114 924 1162 excuset
949 1105 1088 1164 morbum

107 1190 201 1244 “esse
221 1203 318 1243 causae
339 1184 429 1259 fratri,
451 1185 521 1244 satis
542 1185 573 1243 id
587 1184 643 1242 sibi
664 1183 765 1242 videri.
807 1184 845 1241 Se
859 1183 888 1241 P.
902 1183 1084 1260 Scipionem,
1098 1198 1128 1240 ιο

21 1337 22 1350 ¹
107 1263 306 1356 “priusquam
316 1264 444 1324 Romam
457 1265 588 1332 redisset,
603 1262 736 1355 accusari
759 1281 820 1322 uon
833 1281 999 1338 passurum:
1018 1273 1089 1320 turn

105 1345 313 1482 {itheth
327 1361 364 1482 li
372 1341 1091 1501 stttltl.tt¹¹¹¹}..⁶.t,ll¹.h:.¹¹,t,tt¹t²l

108 1501 227 1575 “maui,
241 1501 275 1561 P.
290 1503 459 1580 Scipionem
483 1501 614 1563 Deorum
638 1501 845 1577 hominumque
866 1519 1011 1559 consensu
1023 1519 1090 1577 per·

107 1583 127 1614 ‘⁶
137 1581 263 1655 venisse,
277 1592 310 1644 nt
329 1583 385 1642 sub
405 1581 521 1642 Rostris
533 1601 616 1642 reum
629 1592 717 1656 stare,
730 1592 761 1639 et
780 1581 910 1658 praebere
923 1599 1008 1640 aures
1021 1579 1090 1639 ado·
1099 1594 1124 1636 tt

106 1659 314 1721 “lescentium
340 1662 491 1734 conviciis,
521 1663 627 1741 populo
660 1661 797 1721 Romano
828 1660 922 1739 magis
947 1659 1089 1729 deforme,

107 1748 129 1780 ‘⁸
139 1741 226 1818 quam
239 1741 305 1819 ipsi,
319 1741 386 1801 sit.”

147 1897 232 1958 LIII.
253 1899 374 1978 Adjecit
386 1900 505 1959 decreto
514 1898 763 1977 indignationem:
784 1896 877 1956 “Sub
889 1896 1016 1974 pedibus
1029 1911 1091 1954 res·

108 1978 193 2036 “tris
216 1978 311 2052 stabit,
336 1978 454 2052 tribuni,
477 1979 599 2038 domitor
622 1977 670 2036 ille
694 1978 814 2049 Africae,
840 1976 960 2053 Scipiol
1015 1974 1090 2034 Ideo

108 2059 261 2131 “quatuor
283 2057 478 2118 nobilissimos
501 2059 592 2116 duces
614 2057 771 2116 Poenorum
794 2056 825 2115 iu
840 2054 997 2132 Hispanid,
1018 2063 1122 2130 qua-⁹)

107 2143 202 2192 “tuor
225 2135 370 2194 exercitus
392 2135 466 2194 fudit
490 2136 677 2212 fugavitqn03
711 2136 778 2194 ideo
805 2137 972 2211 Syphacem
999 2133 1086 2210 cepit,

107 2221 128 2251 ‘⁸
139 2211 336 2272 Hannibalem
357 2213 475 2281 devicit,
490 2214 698 2290 Carthaginem
719 2214 892 2290 vectigalem
908 2213 994 2272 nobis
1006 2213 1087 2286 fecit,

105 2294 126 2326 ‘⁶
138 2291 316 2351 Antiochum
330 2289 455 2367 (recepit
473 2291 553 2348 enim
567 2291 684 2349 fratrem
702 2302 868 2349 consortem
890 2292 976 2368 hujus
988 2290 1088 2367 glorio

103 2373 127 2410 ¹⁸
138 2369 173 2428 L.
195 2370 309 2449 Scipio)
333 2369 409 2428 ultra
431 2368 526 2427 Tauri
543 2369 616 2446 juga
637 2370 754 2439 emovit,
778 2380 811 2428 nt
832 2370 946 2429 duobus
965 2369 1090 2428 Petilliis

106 2457 127 2488 ‘⁸
137 2450 351 2520 succumberet,
365 2467 416 2508 vos
439 2447 476 2508 de
490 2448 523 2507 P.
537 2445 680 2508 Africano
692 2449 819 2528 palmum
831 2450 992 2526 peteretisl
1011 2447 1087 2507 Nul-
1097 2459 1123 2502 aa

106 2531 125 2562 ‘¹
136 2527 211 2587 iisne
234 2529 344 2588 meritis
357 2527 428 2602 suis,
441 2528 530 2587 nullis
542 2527 645 2587 restris
668 2529 835 2603 honoribus,
856 2548 984 2604 unquam
998 2528 1030 2588 iu
1044 2547 1089 2587 ar·

105 2610 126 2641 ‘⁶
138 2625 205 2667 cem
218 2619 309 2668 tutam
323 2619 355 2668 et
365 2609 444 2668 velut
463 2618 597 2667 amotam
618 2607 689 2667 clari
712 2607 765 2666 viri
778 2608 963 2684 pervenieut;
985 2607 1047 2676 ubi,
1061 2607 1087 2666 si

105 2694 127 2726 ‘⁸
138 2705 199 2746 non
219 2689 402 2762 venerabilis,
425 2688 563 2762 inviolata
583 2688 695 2756 saltem,
720 2696 856 2745 senectus
876 2705 977 2746 eorum
991 2687 1104 2760 cousi-¹

105 2769 126 2800 “
137 2764 188 2826 dat
199 2769 238 2824 l”
280 2766 372 2826 Movit
385 2777 415 2826 et
427 2767 588 2836 decretum,
602 2778 633 2827 et
646 2767 761 2845 adjecta
772 2768 874 2835 oratio,
889 2786 949 2826 non
963 2777 1086 2826 ceteros

105 2844 204 2913 ruodo,
215 2845 267 2903 sed
281 2846 358 2921 ipsos
371 2845 459 2904 etiarn
470 2858 673 2908 accusatores:
687 2857 727 2920 et,
741 2846 948 2905 deliberaturos
959 2865 1001 2915 se,
1015 2846 1086 2922 quid
1096 2858 1124 2900 aa
1238 2833 1239 2842 ¹

104 2922 152 3078 ἒξ
154 2923 281 3061 1purppet
299 2924 488 3062 offiolpipesspt‚
496 2926 646 3064 ⁵dtiuerurpt.
688 2929 813 3063 Slepatus
827 2926 945 3064 pieinde,
958 2925 1086 3064 oritncilip

172 3021 198 3060 rs
232 3020 340 3076 rmrsso,
375 3023 394 3062 a
431 3024 496 3064 rie
545 3025 590 3065 coe
623 3025 665 3065 us
743 3023 1065 3064 rraaerneuesa

104 3079 241 3140 uniuerso
266 3081 379 3152 ordine,
410 3085 556 3162 precipue
583 3025 611 3143 p
626 3025 827 3144 consularillus
853 3024 1085 3160 seniolibusque,

104 3156 155 3218 Ti.
169 3159 305 3220 Graccho
325 3171 398 3222 aotae
412 3174 489 3232 sunt,
514 3163 592 3239 quod
605 3164 813 3240 rempublicam
827 3165 944 3242 privatis
957 3164 1086 3224 simulta·

104 3237 184 3298 tibus
209 3241 350 3318 potiorem
378 3243 542 3301 habuisset:
562 3253 593 3301 et
619 3242 725 3300 Petillii
752 3244 848 3302 vexati
871 3254 940 3302 sunt
961 3242 1125 3320 probris,aa

104 3316 184 3394 qudd
208 3321 359 3398 splendore
383 3320 477 3380 aliena
492 3320 613 3380 invidia
624 3322 790 3396 voluissent,
810 3333 839 3382 et
853 3324 944 3400 spolia
957 3343 995 3382 ex
1008 3322 1088 3382 Afri·
1130 3342 1136 3350 ’

105 3399 174 3457 cuni
188 3400 333 3478 triumpho
344 3409 484 3477 peterent.
526 3399 682 3460 Silentium
695 3402 802 3461 deinde
815 3402 853 3460 de
867 3402 1009 3462 Africano
1022 3402 1085 3461 fuit

107 3475 206 3539 Vitam
219 3479 331 3539 Literni
343 3479 404 3558 egit
416 3478 479 3537 siue
493 3478 638 3540 desiderio
650 3480 756 3540 Urbis:
776 3482 949 3541 morientem
970 3499 1035 3541 rure
1047 3497 1085 3539 eo

106 3554 170 3634 ipso
195 3555 260 3618 loco
280 3558 394 3636 sepeliri
417 3577 449 3617 se
469 3558 590 3636 jussisse
613 3561 719 3629 lerunt,
745 3572 1023 3637 monumentumque
1043 3557 1090 3642 ibi,

107 3636 255 3706 aedificari,
280 3655 318 3695 ne
341 3638 429 3697 sunus
448 3638 504 3698 sibi
527 3639 558 3696 iu
582 3639 697 3717 ingrati
718 3640 810 3716 patrib
826 3640 917 3700 lieret.
955 3640 1012 3699 uir
1025 3651 1123 3698 mett

22 3743 27 3752 ·
108 3715 275 3774 morabilis:
296 3715 408 3775 bellicis
421 3729 528 3785 tamen,
543 3716 630 3793 quim
643 3719 734 3794 pacis,
750 3718 859 3778 artibus
872 3718 1085 3778 memorabilior

108 3789 202 3864 prim
213 3811 280 3870 pars
294 3794 368 3869 rite,
378 3795 465 3873 quarn
477 3805 632 3876 postrema,
646 3795 720 3868 fuit:
740 3797 809 3878 quia
820 3799 852 3862 in
868 3799 990 3884 'juventi
1009 3796 1087 3860 bella
1183 3835 1188 3842 ·
