2556 4314
51 1150 56 1159 '
106 1162 156 1204 um
169 1156 305 1222 parentes
318 1145 416 1206 dixere
430 1166 546 1205 nomen.

108 288 129 347 6
510 293 580 345 ΤΙΤΙ
597 293 684 346 LlVll

109 429 228 508 virique,
242 443 272 491 et
296 432 429 492 animum
438 435 483 493 vel
504 435 579 494 bello
592 437 636 494 vel
650 435 715 512 paei
729 441 871 513 peratum,
885 436 1006 507 deuteri
1019 438 1087 498 dae

110 509 198 570 fidem
209 512 312 571 futurae
327 513 461 572 amicitie
476 516 624 575 sanxisse:
647 515 718 581 iude
732 516 825 574 loedus
839 516 930 574 ictum
944 517 1020 576 iuter
1033 519 1087 576 du-
1129 579 1132 584 ,

67 623 72 630 ·
108 607 168 658 ees,
183 590 258 650 inter
268 593 413 650 exereitus
427 593 627 666 salutationem
639 595 764 653 factam:
786 595 902 654 AEnean
917 597 994 672 apud
1007 596 1101 656 Leti·-

109 687 180 726 num
202 671 290 729 luisse
314 672 345 730 in
369 673 511 749 hospitio:
534 673 573 732 ibi
594 674 733 732 Latinum
757 675 833 749 apud
857 675 983 732 Penates
1006 674 1086 735 Deos

108 747 298 810 domesticum
313 752 430 826 publieo
453 753 620 828 adjunxisse
634 753 738 824 fredus,
752 753 811 810 filie
825 753 974 812 AEneae'in
988 755 1085 813 matri·
1107 763 1121 802 ⁵

108 828 238 887 monium
260 829 336 888 date.
378 831 423 888 Ea
447 849 493 888 res
516 832 615 906 utique
638 831 869 908 Trojanisspem
887 833 1009 902 effinnat
1022 843 1085 894 tan*

41 919 43 926 ’
107 906 175 965 dem
196 909 291 966 stabili
315 912 449 984 uertique
473 911 541 967 sede
556 910 676 968 finiendi
700 911 813 970 erroris.
854 911 1003 988 Oppidum
1017 931 1086 972 oon-

107 985 189 1044 dunt
207 1037 215 1047 „
232 987 343 1050 AEneas
367 988 403 1044 ab
417 988 534 1046 nomine
558 989 654 1048 uxoris
676 989 976 1067 Laviniumeppellat.
997 991 1084 1051 Brevi

106 1065 192 1142 stirps
214 1085 327 1142 quoque
351 1067 440 1125 virilis
454 1085 491 1125 ex
511 1083 585 1128 novo
599 1068 782 1130 matrimonio
803 1068 856 1128 fuit
867 1089 875 1140 3
897 1070 946 1128 eui
961 1071 1085 1130 Asoani·

755 1155 757 1159 ·
982 1179 983 1183 ,
1095 1159 1121 1199 ra

81 1357 83 1364 .
159 1257 201 1361 li.
235 1303 317 1364 Bello
343 1305 449 1364 deinde
473 1305 650 1384 Aborigines
677 1263 856 1386 Trojaniuue
880 1307 965 1368 simul
991 1308 1082 1385 petiti.
1182 1342 1196 1349 ν

105 1381 237 1452 Turnus,
263 1403 313 1442 rex
334 1384 520 1454 Rutulorum,
536 1387 584 1444 oui
608 1395 693 1462 pasta
714 1387 912 1446 Laviniaante
927 1389 1083 1446 adventum

106 1461 210 1520 AEneae
232 1462 333 1538 suerat,
359 1465 507 1540 praelaturn
529 1466 584 1523 sibi
608 1466 748 1525 advenam
770 1467 846 1544 segre
860 1467 982 1543 patiens,
997 1466 1083 1524 simul
1128 1518 1131 1522 .

8 1615 9 1620 η
105 1541 209 1600 AEnee
221 1541 381 1620 Latinoque
396 1544 502 1602 bellum
517 1545 662 1604 intulerat.
702 1545 816 1604 Neutra
829 1545 984 1604 aoieslaeta
997 1565 1033 1604 ex
1047 1564 1083 1604 eo

105 1621 264 1680 certamine
278 1623 367 1682 abiit:
389 1624 457 1682 vieti
472 1624 595 1682 Rutuli:
617 1624 740 1684 victores
754 1625 929 1702 Aborigines
949 1623 1120 1702 Trajan-1⁵

105 1718 162 1775 que
176 1701 283 1760 duoem
297 1697 435 1772 Latinum
450 1704 580 1762 amisere.
622 1703 696 1764 Inde
710 1705 831 1763 Turnus
844 1703 1085 1782 Rutuliquedil·

104 1779 150 1838 fisi
179 1780 276 1855 rebus,
298 1782 335 1864 ed
362 1781 496 1841 florentes
521 1784 710 1844 Etruseorum
735 1783 818 1862 opes'
832 1784 1082 1858 Mezentiumque,

103 1877 205 1918 eorum
218 1879 329 1937 regem,
352 1863 542 1938 confugiunt3
563 1863 623 1936 qui,
645 1863 730 1922 Gaere
743 1863 881 1939 opulento
902 1872 964 1918 tum
977 1861 1083 1936 oppido

103 1937 282 2014 imperitans,
304 1940 364 2016 jam
386 1941 454 1998 inde
479 1941 515 1998 ab
536 1941 619 1998 initio
640 1939 758 1997 minime
779 1939 862 1996 laetus
875 1939 1082 2016 novaeorigine
1146 1989 1148 1994 ,

103 2018 194 2086 urbis,
208 2027 237 2076 et
259 2029 319 2076 tum
344 2017 433 2076 nimio
458 2012 530 2094 plus,
552 2018 639 2092 quim
663 2019 732 2076 satis
753 2027 846 2076 tutum
867 2029 944 2076 esset
964 2019 1118 2087 asoolisn
1191 2073 1200 2095 ,

103 2115 165 2156 rem
189 2097 348 2175 Trojanam
372 2117 504 2156 creseere
528 2109 618 2170 ratus,
641 2098 719 2155 haud
743 2097 883 2174 gravatim
902 2095 983 2158 socia
1002 2117 1083 2164 arma

102 2176 223 2253 Rutulis
242 2178 347 2254 junxit.
389 2177 510 2252 AEneas,
534 2177 671 2234 adversus
694 2177 767 2235 tanti
788 2176 856 2236 belli
879 2188 1027 2245 terrorem,
1049 2187 1083 2234 ut

53 2257 58 2264 '
103 2256 216 2316 animos
242 2257 436 2333 Aboriginum
463 2255 519 2315 sibi
545 2257 726 2331 conciliaret,
740 2275 778 2315 ne
804 2256 859 2315 sub
885 2257 988 2315 eodem
1019 2256 1084 2333 jure

43 2351 44 2355 ’
103 2335 207 2408 solum,
222 2335 273 2394 sed
298 2337 386 2395 etiam
409 2337 538 2404 nornine,
562 2355 664 2394 omnes
677 2347 784 2406 essent,
800 2336 920 2396 Latinos
933 2347 1084 2410 utramque

43 2483 45 2487 ¹
102 2425 221 2492 gentem
236 2416 397 2492 appellavit.
439 2415 505 2474 Neo
520 2416 626 2486 deinde
641 2416 820 2492 Aborigines
831 2415 968 2494 Trojanis
989 2415 1118 2474 studio&

102 2512 138 2553 ao
152 2494 209 2552 fide
223 2514 293 2572 erga
303 2515 402 2574 regern
417 2496 533 2556 AEnean
549 2495 684 2554 cessere:
706 2496 852 2572 fretusque
863 2497 909 2554 his
922 2494 1026 2554 animis
1037 2513 1085 2568 oo-

103 2573 293 2634 alesoentium
308 2575 338 2634 in
353 2576 415 2634 dies
429 2577 521 2652 magis
530 2576 652 2634 duorum
666 2576 837 2652 populorum
849 2576 970 2644 AEneas,
984 2593 1085 2650 quam·
1117 2633 1123 2642 k

102 2671 188 2730 quam
203 2665 284 2714 tanta
303 2656 406 2732 opibus
428 2657 543 2734 Etiiuria
566 2666 637 2725 erat,
663 2667 696 2714 ut
715 2657 776 2732 jam
789 2675 849 2714 non
871 2665 960 2714 terras
979 2653 1084 2726 solum,

33 2803 36 2808 Ι
103 2735 155 2792 sed
170 2753 248 2792 mere
263 2733 351 2794 etiam
375 2755 426 2812 per
450 2746 538 2794 totarn
553 2734 645 2794 Italiae
658 2735 882 2811 longitudinem,
902 2735 938 2790 ab
959 2729 1084 2810 Alpibus
1121 2794 1128 2808 ,

103 2813 141 2873 ad
168 2812 272 2872 fretum
300 2815 442 2882 Siculum,
471 2815 549 2874 famil
575 2814 702 2873 nominis
725 2813 771 2870 sui
794 2813 949 2888 implesset,
975 2822 1118 2885 tamemao

103 2911 193 2970 quum
214 2892 359 2952 moenibus
380 2893 488 2950 bellum
508 2893 674 2968 propulsare
687 2901 793 2968 posset,
818 2891 849 2949 in
871 2891 965 2950 aeiem
985 2891 1084 2968 oopias

103 2972 214 3031 eduxit.
257 2972 426 3030 Secundum
454 2972 522 3029 inde
551 2967 683 3047 proelium
711 2971 969 3045 LatinispAEneae
995 2971 1084 3029 etiam

104 3052 238 3122 ultimum
258 3071 377 3128 operum
402 3051 565 3110 mortalium
589 3051 663 3108 suit:
695 3051 767 3108 situs
789 3060 844 3118 est,
871 3067 1084 3128 quemeumque

7 3137 8 3146 ’
104 3150 174 3192 eum
194 3131 253 3190 diei
274 3131 322 3208 jus
336 3130 434 3208 sasque
458 3141 512 3200 est,
537 3149 623 3209 super
637 3130 809 3190 Numicium
822 3129 941 3190 flumen.
981 3129 1084 3188 lovem
1127 3131 1132 3136 '

7 3227 8 3280 f
104 3210 271 3291 Indigetem
292 3210 445 3290 appellant.
608 3263 610 3268 ,
1093 3221 1126 3262 as.

166 3319 173 3349 r
199 3311 200 3315 ’
1160 3333 1163 3338 .

144 3355 202 3430 ΙΙΙ.
224 3371 365 3435 Nondum
390 3351 518 3432 maturus
542 3345 663 3450 imperio
687 3373 844 3442 Ascanius,
871 3371 974 3432 AEueae
998 3369 1085 3444 filius,

7 3503 8 3524 ἶ
101 3453 185 3512 erat:
206 3461 304 3511 tamen
326 3453 356 3512 id
378 3453 531 3530 imperium
553 3455 580 3510 ei
606 3455 642 3510 ad
657 3454 796 3530 puberem
810 3462 924 3511 aetatem
938 3449 1085 3509 incolume

7 3535 8 3538 ’
105 3532 228 3591 mansit:
249 3533 387 3610 tantisper
401 3533 490 3592 tutele
514 3533 646 3591 muliebri
672 3532 766 3611 (tanta
786 3531 898 3590 indoles
918 3531 949 3588 in
964 3528 1087 3588 Lavinib

105 3613 180 3692 erat)
194 3631 241 3671 res
255 3613 359 3684 Latina
373 3624 403 3672 et
416 3633 538 3692 regnum
553 3613 659 3672 avitum
671 3623 880 3689 paternumque
893 3628 984 3687 puero
997 3608 1085 3668 stetit.
1132 3611 1151 3625 ⁶

105 3691 194 3752 Haud
216 3693 288 3752 nihil
303 3694 447 3772 ambigam
462 3693 540 3772 (quis
553 3693 633 3751 enim
648 3711 709 3750 rem
722 3701 781 3750 tam
801 3701 926 3750 veterem
938 3708 992 3766 pro
1006 3696 1120 3746 oenoe

105 3771 282 3856 affirmem),
308 3774 425 3836 biooine
453 3773 540 3835 fuerit
563 3771 720 3841 Ascanius,
742 3789 780 3832 an
800 3770 891 3850 major
914 3768 1001 3846 qusint
1022 3766 1084 3850 bio,
