2556 4314
109 357 168 418 160
456 346 459 352 ’
507 355 579 428 rrrr
594 354 682 406 trvrr

107 499 206 561 sinum
219 509 249 560 et
262 499 362 577 epulas
375 497 471 558 cedes
494 498 664 567 amicorum,
678 507 708 555 et
721 497 877 556 sanitatem
890 499 1085 562 ementieadae

107 579 212 658 stirpis.
251 580 345 654 Quid,
368 578 393 637 si
416 578 475 637 vini
497 597 575 636 amor
598 578 630 636 in
644 577 707 635 dies
730 576 812 636 ficret
827 577 943 636 ac'riorl
962 579 1083 655 quidsi

106 668 172 718 trux
183 677 218 717 ac
251 658 401 746 refervida
421 657 485 716 irat
508 655 578 735 (nec
602 657 757 733 quidquam
771 657 892 736 dubium
905 657 981 716 inter
995 656 1086 738 scrip-

105 747 181 821 tores
194 678 301 876 reliamg
323 738 441 797 nullane
455 739 517 795 haec
531 737 639 795 damna
658 736 848 812 imperatoriis
866 736 1019 796 virtutibus
1034 740 1087 799 du·

105 816 222 877 cimusl
263 817 278 875 I
313 818 379 876 verb
388 816 553 894 periculum
566 827 638 885 erat,
654 814 744 894 (quod
757 815 895 875 levissimi
908 836 945 874 ex
958 818 1083 890 Graecis,
1106 833 1121 874 a

104 897 154 973 qui
168 897 339 956 Parthorum
361 915 474 973 quoque
496 905 597 956 coutm
618 915 725 954 nomen
746 895 915 955 Romanum
928 897 1028 974 gloriae
1043 899 1084 957 fa·

104 985 183 1044 vent,
210 976 342 1035 dictitare
369 975 475 1052 solent)
500 993 538 1032 ne
566 975 747 1052 majestatem
768 975 894 1034 nominis
920 975 1083 1037 Alexandri

105 1053 206 1133 (quem
220 1075 257 1114 ne
272 1055 349 1114 fama
362 1054 478 1130 quidem
492 1054 548 1111 illis
560 1065 661 1112 notum
685 1053 805 1112 arbitror
819 1054 922 1135 fuisse)
937 1057 1080 1116 sustinere

104 1151 164 1194 non
177 1135 300 1212 potuerit
313 1134 435 1211 populus
449 1133 624 1192 Romanusl
638 1142 677 1201 et,
692 1133 830 1194 adversus
844 1152 928 1210 quem
942 1135 1078 1210 Athenis,

103 1212 265 1273 incivitate
289 1213 381 1278 fractd
404 1212 601 1272 Macedonum
614 1211 712 1285 armis,
726 1223 941 1271 cernentetum
952 1215 1078 1273 maxima
1091 1229 1118 1270 ιο
1166 1209 1170 1215 ’

104 1284 193 1370 prope
222 1289 558 1352 fumantes'sThebarum
581 1291 689 1368 ruinas,
713 1291 882 1352 concionari
905 1293 993 1351 libere
1017 1294 1081 1352 ansi

103 1371 162 1430 sint
176 1372 307 1432 homines
322 1370 366 1449 (id
389 1373 465 1448 quod
479 1389 515 1430 ex
528 1370 723 1429 monumentis
737 1367 900 1431 orationum
914 1373 1017 1452 patet),
1032 1373 1082 1430 ad-

102 1467 202 1510 versus
214 1471 282 1512 eum
296 1461 382 1510 nemo
395 1471 432 1510 ex
444 1461 486 1509 tot
506 1450 673 1528 proceribus
688 1450 832 1509 Romanis
845 1451 947 1510 vocem
956 1451 1082 1511 'liberam

101 1530 248 1590 missurus·
266 1531 376 1590 fueriti
416 1530 608 1592 Quantalibet
629 1530 799 1606 magnitudo
813 1531 940 1593 hominis
953 1530 1082 1608 concipi·
1098 1593 1100 1597 Α

101 1620 166 1668 atur
179 1607 287 1681 animo,
301 1611 387 1670 unius
400 1620 498 1668 tamen
512 1628 546 1668 ea
560 1609 729 1686 magnitudo
743 1610 868 1669 hominii
882 1611 947 1685 erit,
958 1611 1081 1670 collecta
1091 1623 1117 1664 ra

98 1689 188 1766 paulb
200 1689 264 1767 plds
277 1691 380 1749 decem
394 1708 535 1756 annorum
546 1689 683 1747 felicitate
696 1709 702 1746 :
716 1709 803 1765 quam
815 1691 865 1766 qui
879 1689 914 1748 eti
927 1691 1078 1760 extollunt,

101 1767 177 1844 qudd
191 1769 314 1846 poprrlus
336 1770 498 1842 Romanus,
520 1769 574 1827 etsi
598 1768 772 1841 uullobellc,
788 1769 886 1827 multis·
899 1773 996 1827 tamen
1004 1780 1083 1846 pica-r
1155 1804 1158 1810 =
1191 1786 1194 1792 ·

100 1846 148 1906 liis
161 1849 255 1907 victus
269 1849 315 1922 sit,
330 1849 498 1907 Alexandro
508 1848 616 1906 nullius
629 1868 734 1925 pugnae
749 1867 808 1906 non
821 1849 950 1907 secunda
964 1849 1078 1906 fortuna

101 1924 207 2002 iurarit,
228 1947 287 1988 non
310 1927 486 2004 intelligunt,
510 1945 542 1983 se
556 1927 682 1984 hominis
696 1946 742 1985 res
755 1938 861 2004 gestas,
880 1927 985 2004 atejus
996 1928 1078 2004 juve-

103 2005 160 2080 nis,
181 2024 249 2064 cnm
259 2005 357 2095 populi
368 2006 427 2082 jam
438 2001 712 2081 octingentesimum
723 2007 857 2064 bellantis
868 2025 977 2076 annum
991 2007 1078 2065 rebus
1087 2020 1115 2062 m
1193 2078 1202 2096 ,

101 2084 242 2149 conferre.
284 2083 434 2157 Miremur,
462 2085 496 2152 si,
521 2087 609 2158 quum
631 2103 668 2154 ex
692 2086 748 2142 hac
769 2096 849 2161 parte
871 2085 977 2144 s'aecula
996 2085 1080 2161 plura

95 2161 298 2232 humarentur,
323 2162 410 2238 qudm
431 2181 469 2220 ex
492 2162 543 2220 illd
567 2164 647 2232 anni,
673 2163 737 2240 plris
750 2164 781 2220 in
802 2176 860 2222 tarn
874 2164 961 2240 longo
975 2163 1077 2240 spatio,

99 2242 186 2319 quim
200 2243 231 2301 in
246 2253 328 2300 aetate
342 2242 482 2300 tredecim
503 2242 655 2310 annorum,
671 2243 785 2301 fortuna
798 2243 947 2300 variaverit
959 2245 970 2299 t
991 2243 1077 2305 Quin

98 2333 131 2383 tu
145 2321 269 2380 hominis
290 2340 358 2379 cum
380 2322 506 2390 homine,
529 2332 559 2379 et
572 2322 656 2380 ducis
669 2341 738 2381 cum
751 2323 838 2390 duce,
852 2321 1080 2388 fortunamcum

100 2400 217 2461 fortunia
239 2400 376 2460 consersl
415 2400 499 2463 Quot
521 2401 672 2460 Romanos
694 2402 785 2465 duces
803 2402 961 2475 nominem,
975 2393 1125 2477 quibusm'

100 2499 248 2556 nunquam
273 2482 392 2542 adversa
414 2481 528 2539 fortuna
541 2500 646 2558 pugnae
661 2481 744 2539 tuitt
785 2481 911 2559 Paginas
922 2477 955 2539 in
970 2481 1081 2540 annali·

99 2561 154 2620 bus
167 2560 387 2637 magistratuum
411 2559 545 2640 fastisque
559 2580 728 2637 percurrere
747 2561 827 2633 licet,
842 2560 1005 2629 consulum,
1019 2560 1084 2618 die·

99 2651 290 2717 tutorumque,
304 2637 424 2715 quorum
439 2660 496 2698 nec
517 2641 630 2699 virtutis
653 2660 709 2698 nec
723 2635 844 2698 for'tunae
854 2641 917 2698 ullo
931 2639 978 2697 die
992 2659 1080 2717 popu·

98 2719 160 2779 lum
183 2721 353 2780 Romanum
376 2720 517 2796 poenituit.
560 2720 608 2793 Et,
622 2717 679 2795 qud
694 2720 751 2778 sint
773 2719 972 2792 mirabiliores,
994 2720 1079 2795 quim

99 2799 267 2857 Alexander
281 2809 330 2856 aut
343 2800 492 2874 quisquam
514 2819 575 2873 rex,
589 2801 680 2858 denos
694 2799 868 2874 vicenosque
882 2799 946 2856 dies
960 2799 1077 2874 quidam
1086 2817 1112 2857 aa

98 2877 281 2944 dictaturam,
306 2896 392 2934 nemo
416 2877 481 2953 plds
493 2878 578 2954 quim
593 2897 702 2936 annum
716 2878 899 2936 consulatum
913 2879 1019 2954 gessit:
1040 2878 1080 2935 ab

98 2952 222 3016 tribunis
235 2955 327 3031 plebis
341 2956 471 3015 delectus
495 2959 625 3035 impediti
640 2968 726 3016 sunt:
747 2968 811 3034 post
823 2967 938 3034 tempus
952 2958 989 3016 ad
1003 2951 1079 3015 b'ella
1179 2984 1181 2988 ·

98 3035 194 3094 ierunt
205 3054 218 3106 :v
227 3043 294 3092 ante
307 3044 421 3111 tempus
434 3037 615 3096 comitiorum
626 3037 716 3097 caussa
724 3037 851 3095 revocati
865 3046 949 3094 sunt:
971 3037 1002 3094 in
1016 3036 1079 3112 ipso

98 3121 206 3174 conatu
219 3132 315 3170 rerum
329 3114 501 3191 circumegit
515 3136 545 3174 se
560 3137 670 3176 annus:
692 3117 811 3194 collegae
826 3135 906 3175 nunc
919 3115 1076 3187 temeritas,

97 3192 317 3267 nuncpravitas,
326 3193 532 3269 impedimento
544 3198 708 3256 autdamno
717 3197 790 3254 suit:
805 3194 881 3254 meld
893 3195 980 3272 gestis
990 3195 1114 3254 rebusas

49 3333 55 3336 ,
97 3270 215 3330 alterius
226 3288 393 3346 successum
402 3284 462 3331 est:
477 3275 599 3332 tironem
610 3289 659 3334 aut
667 3276 743 3334 malt
753 3275 907 3352 disciplint
913 3273 1077 3331 institutum

93 3350 252 3410 exercitum
265 3362 449 3426 acceperunt.
471 3339 513 3411 At
522 3353 669 3431 (Hercule
678 3355 700 3446 l)
712 3372 798 3432 regas
812 3374 871 3413 non
883 3353 967 3419 liberi
981 3350 1078 3410 solum

92 3429 311 3507 impedimentis
334 3432 479 3506 omnibus,
507 3435 558 3490 sed
584 3435 695 3493 domim
721 3453 819 3493 rerum
846 3445 1077 3508 temporumque,

96 3511 215 3569 trahunt
241 3509 371 3567 consiliis
397 3520 515 3584 cuncta,
541 3531 600 3570 non
627 3525 807 3589 sequuntur:
849 3513 980 3570 Invictus
1007 3529 1078 3587 ergo

96 3587 266 3648 Alexander
294 3608 362 3658 cum
382 3589 499 3647 invictis
522 3591 646 3650 ducibus
667 3593 743 3651 bella·
763 3593 909 3670 gessisset,
931 3601 961 3648 et
974 3590 1113 3650 eademro

96 3667 216 3725 fortunae
242 3668 364 3744 pignora
384 3669 414 3726 in
439 3669 596 3728 discrimen
619 3672 788 3730 detulisset:
821 3672 910 3729 immo
931 3670 1019 3728 etiam
1040 3667 1076 3726 ab

94 3743 159 3818 plus
172 3745 293 3820 periculi
318 3746 452 3821 subisset,
467 3748 543 3824 qudd
564 3743 743 3818 Macedones
764 3769 856 3808 unum
871 3749 1074 3826 Alexandrum

95 3819 273 3895 habuissent,
288 3827 386 3887 multis
400 3823 517 3887 casibus
539 3847 598 3887 non
619 3828 710 3888 solum
723 3829 893 3897 obnoxium,
918 3825 1075 3890 sedetiam

1254 3863 1258 3969 l
