2556 4314
95 314 152 375 100
501 315 572 366 TlTl
588 314 675 366 L1v11

132 459 195 522 Lv.
217 459 273 520 Per
286 458 461 538 interregem
485 459 592 517 deinde
605 459 740 517 consules
760 459 861 527 creati,
876 457 910 519 1,
925 459 1108 538 Valerius?

92 537 134 598 Μ.
150 539 308 611 Horatius;
329 539 379 615 qui
403 537 546 614 extemplo
568 537 766 613 magistratum
784 549 981 613 occeperunt:
1002 549 1101 615 qno-s

90 612 155 678 rum
169 619 336 678 consulatus
356 617 501 694 popularis
516 613 580 674 sine
594 615 654 673 ulls
668 615 786 672 Patrum
800 615 917 693 injurii,
933 635 991 676 nec
1004 620 1068 678 sine
1085 609 1106 696 ξ

90 693 250 756 offensione
264 698 337 756 suit:
358 695 497 772 quidquid
521 694 600 753 enim
612 693 737 753 libertati
755 694 849 770 plebis
862 706 1025 766 caveretur,
1040 698 1070 756 id
1087 747 1100 774 ‚

69 802 71 806 ¹
89 775 150 834 suis
163 776 306 840 decedere
319 776 422 852 opibus
443 774 609 833 credebant.
656 773 802 833 Omnium
824 775 961 851 primum,
982 795 1071 851 quum
1087 777 1101 844 ξι

90 854 180 915 veluti
193 855 224 913 in
238 865 421 914 controverso
432 853 496 930 jure
521 863 605 924 esset,
627 862 833 912 tenerenturne
853 853 953 912 Patres
966 855 1071 930 plebis-
1086 855 1106 928 ξ
1186 901 1190 907 ,

91 935 182 1002 scitis,
196 935 292 1012 legem
305 932 475 992 centuriatis
499 931 624 991 comitiis
638 931 740 1001 tulere,
756 936 775 964 “
785 926 924 1008 Ut,'quod
938 933 1069 994 tributim
1079 929 1106 962 ὼ

91 1013 220 1090 “plebes
240 1013 382 1090 jussisset,
393 1007 544 1088 ¹populum
564 1020 678 1069 teneret
690 1031 696 1069 :
707 1011 724 1040 ''
754 1011 812 1087 quit
824 1012 890 1089 lege
903 1012 1068 1073 tribuniciis

9 1121 10 1126 1
89 1092 286 1168 rogationibus
310 1091 399 1149 telum
423 1091 597 1150 acerrimum
621 1090 720 1151 datum
745 1100 797 1149 est.
839 1092 937 1151 Aliam
959 1093 1066 1152 deinde

88 1171 271 1230 consularem
284 1170 429 1247 legemde
442 1170 654 1245 provocatione,
669 1170 794 1229 unicum.
803 1172 969 1248 presidium
981 1171 1066 1230 liber·
1077 1181 1102 1220 1⁰

88 1250 165 1318 tatis,
180 1250 365 1308 decemvirali
387 1259 528 1326 potestate
552 1268 691 1318 eversam,
716 1269 776 1308 non
793 1247 950 1310 restituunt
970 1253 1066 1320 mcdd,

36 1381 41 1388 .
88 1330 141 1387 sed
155 1329 242 1387 etiam
266 1329 296 1387 in
317 1341 464 1406 posterum
485 1329 630 1402 muniunt,
653 1329 939 1391 sanciendmnovam
959 1331 1066 1408 legem,

90 1416 109 1445 ‘⁶
120 1407 151 1466 N
152 1427 169 1466 e
183 1405 247 1483 quis
260 1409 351 1484 ullum
364 1408 562 1484 magistratum
576 1408 638 1467 sine
652 1409 855 1484 provocatione
866 1421 996 1470 crearet:
1018 1409 1067 1488 qui

64 1517 72 1526 =·
89 1488 253 1556 “creisset,
268 1507 336 1547 eum
343 1487 394 1563 jus
407 1488 506 1562 sasque
519 1497 596 1545 esset
605 1487 718 1547 occidi:
740 1507 813 1547 neve
827 1509 863 1548 ea
880 1491 976 1548 caedes
990 1491 1067 1564 capr·
1104 1520 1107 1522 ·
1204 1525 1207 1528 -

89 1573 109 1602 “
121 1566 185 1624 talis
199 1585 281 1626 noxae
296 1567 479 1625 haberetur.’'
520 1566 559 1625 Et
572 1581 661 1643 quum
677 1567 792 1644 plebem
806 1569 877 1628 hine
891 1569 1102 1646 'provocatio-1⁵

64 1718 67 1724 Ἰ
87 1663 137 1719 ne,
150 1645 221 1703 hinc
234 1646 391 1705 tribunicio
405 1645 512 1704 auxilio
536 1647 605 1706 satis
619 1646 793 1721 firmissent,
808 1648 878 1726 ipsis
890 1667 1003 1724 quoque
1017 1649 1065 1706 tri·

88 1723 185 1794 bunis,
200 1735 232 1783 ut
253 1725 430 1784 sacrosancti
454 1725 619 1784 viderentur
644 1724 742 1804 (cujus
755 1729 798 1785 rei
821 1727 909 1804 prope
930 1728 992 1803 jam
1006 1745 1065 1784 me·

88 1803 179 1874 moria
200 1805 387 1884 aboleverat),
409 1804 506 1862 relatis
527 1805 700 1880 quibusdam
724 1825 762 1864 ex
785 1825 891 1882 magno
914 1805 1064 1880 intervallo

88 1882 273 1957 cerimoniis,
296 1884 494 1954 renovarunt3
515 1894 546 1942 et
564 1903 655 1959 quum
678 1884 817 1962 religione
839 1884 988 1942 inviolatos
1002 1902 1063 1957 eos,

87 1970 150 2020 tum
170 1961 235 2038 lege
269 1962 357 2020 etiam
384 1962 524 2036 fecerunt,
552 1964 721 2033 sanciendo,
756 1973 775 2002 “
789 1963 837 2035 Ut,
864 1963 914 2039 qui
939 1962 1102 2020 tribunis&

88 2039 216 2116 “plebis,
228 2040 370 2109 edilibus,
388 2041 547 2118 judicibus,
569 2042 741 2101 decemviris
761 2043 919 2115 nocuisset,
940 2041 1004 2118 ejus
1017 2059 1064 2101 oa-

90 2123 107 2152 “
118 2128 170 2196 put
193 2118 260 2176 lovi
283 2138 399 2177 sacrum
412 2131 508 2178 esset:
530 2121 640 2190 familia
653 2123 691 2177 ad
705 2122 798 2180 aedem
812 2121 939 2189 Cereris,
954 2119 1062 2192 Liberi,

89 2203 105 2231 “
118 2199 288 2274 Liberaeque
309 2217 415 2256 venum
437 2199 534 2258 iret.”-
563 2195 629 2256 Hae
650 2199 715 2275 lege
734 2199 808 2274 juris
829 2198 999 2274 interpretes
1012 2216 1063 2256 ne·

87 2288 158 2356 gant
178 2294 352 2353 quemquam
365 2287 583 2335 sacrosanctum
596 2295 660 2335 esse
672 2297 680 2333 ε
713 2277 763 2334 sed
788 2295 866 2350 eum,
888 2275 939 2352 ¹qui
963 2295 1063 2334 eorum

87 2357 223 2432 cuiquam
245 2356 386 2424 nocuerit,
402 2375 517 2414 sacrum
540 2355 656 2413 sanciri.
698 2354 801 2430 Itaque
815 2345 929 2414 aedilem
942 2357 1099 2431 proban-ss

86 2436 118 2494 di
132 2435 257 2512 ducique
279 2455 297 2492 a
318 2435 473 2512 majoribus
495 2434 728 2512 magistratibus:
749 2435 827 2509 quod
851 2435 905 2493 etsi
919 2454 978 2493 non
998 2435 1064 2511 jure

87 2514 137 2574 fiat
161 2513 274 2594 (noceri
287 2515 367 2574 enim
391 2515 428 2584 ei,
444 2516 493 2573 cui
514 2515 570 2573 hae
583 2514 647 2591 lege
662 2533 721 2572 non
742 2513 854 2592 liceat),
870 2525 967 2575 tamen
982 2533 1065 2591 argu·

87 2604 219 2656 mentum
240 2614 312 2668 esse,
328 2615 387 2654 non
401 2594 501 2654 haberi
514 2614 566 2670 pro
580 2603 765 2654 sacrosancto
780 2593 913 2652 aedilem:
935 2594 1064 2653 tribunos

87 2683 184 2732 vetere
194 2672 382 2752 jurejurando
389 2673 489 2751 plebis,
501 2693 591 2749 quum
604 2671 729 2750 primdm
739 2691 804 2730 eam
818 2683 988 2749 potestatem
1002 2691 1064 2734 cre·

87 2753 155 2820 avit,
172 2764 370 2815 sacrosanctos
384 2772 457 2810 esse.
499 2754 604 2827 Fuere,
615 2753 664 2829 qui
679 2752 944 2829 interpretarentur,
958 2751 1064 2809 aridem
1073 2767 1100 2807 ao

86 2829 142 2889 hae
157 2829 279 2888 Horatii
299 2831 364 2908 lege
390 2832 558 2890 oonsulibus
572 2851 685 2908 quoque
700 2841 729 2890 et
742 2831 918 2907 pretoribus,
934 2829 1003 2905 quia
1016 2830 1063 2887 iis-

87 2907 156 2966 dem
170 2908 315 2984 auspiciis,
340 2909 445 2985 qnibus
469 2911 611 2986 eonsules,
637 2908 814 2978 crearentur,
839 2919 957 2967 cautum
977 2927 1062 2966 esse:

84 2985 215 3063 judicem
239 2987 318 3048 enim
337 2988 487 3046 consulem
511 2990 663 3066 appellari:
684 3009 748 3066 quae
767 2989 906 3047 refellitur
927 2988 1065 3064 interpre-

87 3064 165 3137 tatio,
180 3065 257 3140 qubd
281 3066 326 3124 his
339 3067 516 3142 temporibus
540 3065 670 3127 nondum
695 3068 846 3128 consulem
858 3068 998 3144 judicem,
1014 3067 1066 3124 sed
1106 3131 1109 3134 ,

44 3145 48 3153 ’
85 3151 246 3220 praetorem,
258 3145 396 3222 appellari
411 3164 473 3204 mos
487 3147 581 3206 luerit.
623 3149 679 3207 Hae
693 3148 860 3207 consulares
880 3147 960 3223 leges
974 3146 1100 3206 sueretu

86 3221 255 3284 Institutum
264 3225 351 3284 etiam
365 3226 401 3285 ab
415 3225 519 3283 iisdem
533 3225 1021 3296 consulibus,-utsenatdscousnlta
1034 3224 1065 3282 in

86 3301 179 3359 aedem
193 3301 309 3360 Cereris
330 3305 367 3363 ad
392 3305 490 3362 ediles
511 3305 604 3380 plebis
625 3306 822 3377 delementum
844 3325 908 3381 quae
922 3315 1008 3365 antea
1022 3322 1065 3360 ar-

85 3379 171 3439 bitrio
185 3381 339 3440 consulum
360 3384 611 3460 supprimebantur·
627 3385 868 3460 vitiabanturque.
911 3384 954 3443 M.
969 3381 1064 3441 Duili-

86 3477 121 3518 us
135 3459 250 3532 deinde,
264 3460 398 3521 tribunus
408 3461 509 3537 plebis,
523 3462 638 3537 plebem
648 3465 771 3540 rogavit,
787 3464 949 3539 ‚plebesque
964 3462 1064 3521 seivit:

86 3547 106 3577 “
117 3539 172 3615 qui¹
180 3539 295 3614 plebem
319 3539 381 3597 sine
406 3539 529 3598 tribunis
553 3541 723 3617 reliquisset,
739 3542 845 3619 quique
864 3541 1101 3618 magistratuum

87 3617 179 3675 “sine
205 3618 408 3695 provocatione
431 3617 569 3688 creasset,
592 3629 673 3697 tergo
697 3640 732 3683 ae
759 3621 859 3696 capite
882 3619 1063 3697 puniretur.'’

87 3693 161 3752 Haec
194 3697 292 3756 omnia
318 3706 350 3754 ut
377 3695 485 3764 invitis,
512 3697 553 3754 ita
582 3717 641 3760 nou
675 3699 903 3773 adversantibus,
936 3697 1066 3774 patriciis

85 3780 232 3834 trausacto
239 3795 246 3848 ;
268 3776 336 3855 quia
348 3776 479 3838 nondum
492 3775 524 3834 in
537 3795 711 3855 quemquam
725 3797 817 3839 uuum
831 3778 1011 3842 saeviebatur.
