2556 4314
154 343 195 403 ω
366 319 369 324 ‘
497 343 730 424 ,numan

155 485 240 545 cavit.
282 484 424 546 Omnium
444 495 542 546 tamen
563 486 721 544 maximum
745 485 809 562 ejus
821 503 941 562 operum
961 485 1015 544 fuit
1028 487 1130 562 tutela,

153 583 206 640 per
232 583 318 624 omne
342 566 426 643 regni
448 577 572 642 tempus,
598 566 676 623 haud
700 559 794 624 mino'r
814 565 904 641 pacis,
927 563 1016 640 qudm
1035 567 1129 642 regni.

145 643 202 716 ⁴Itu
222 644 281 702 dno
301 645 440 722 deinceps
463 645 645 722 reges‚.alius
666 645 723 702 ulis·
742 645 798 717 vii,
811 644 859 702 ille
883 644 968 711 bello,
983 643 1129 720 hispane,

154 721 301 782 civitatem
325 735 475 783 auxerunt.
516 723 661 782 Romulus
684 734 795 799 septem
818 734 848 781 at
861 723 979 798 triginta
998 723 1130 800 regnavit

153 819 265 872 annos3
286 803 386 861 Numa
399 814 457 861 tres
477 813 507 860 et
528 802 727 878 quadraginta.
769 801 850 860 Turn
864 802 968 871 valida,
982 812 1045 860 tum
1056 812 1129 864 tem·
1152 811 1166 853 ⁵

155 889 254 956 perata
267 891 296 940 et
309 881 376 939 belli
390 891 420 940 et
432 881 514 958 pacis
527 881 645 950 artibus,
660 891 722 940 erat
738 881 848 939 civius.
931 894 936 904 ·

195 1037 299 1096 XXII.
320 1037 427 1095 Nurum
450 1047 540 1096 morte
564 1039 601 1097 ad
622 1039 819 1115 interregnum
840 1056 886 1110 res
908 1037 1003 1096 rediit.
1054 1027 1166 1097 Inde?

99 1158 104 1163 .
155 1115 276 1174 Tullum
297 1116 465 1190 Hostilium,
478 1128 613 1192 nepotem
637 1119 765 1186 Hostilii,
780 1119 864 1196 cujus
884 1118 916 1176 in
938 1117 1039 1174 infima
1061 1107 1160 1176 arce5’

154 1194 234 1254 clara
246 1213 345 1272 pugna
358 1197 495 1254 adversus
509 1197 633 1256 Sabinos
657 1198 759 1271 fuerat,
773 1216 872 1276 regern
888 1197 1015 1273 populus
1026 1196 1128 1272 jussit:
1145 1160 1167 1224 β

154 1272 255 1336 Patres
267 1283 399 1334 auctores
412 1275 491 1333 facti.
533 1276 593 1334 llic
606 1296 665 1334 non
680 1277 772 1334 solum
786 1276 915 1352 proximo
929 1277 991 1352 regi
1005 1275 1129 1334 dissimi·
1144 1275 1161 1358 ξ

155 1351 201 1421 lis,
215 1353 267 1412 sed
280 1353 401 1414 ferocior
411 1355 499 1412 etiam
522 1355 650 1413 Romulo
664 1356 736 1414 fuit:
757 1366 819 1413 turn
830 1366 899 1413 aetas
913 1356 1053 1430 viresque,
1066 1364 1128 1412 tum
1144 1362 1166 1432 ᾖ

155 1431 355 1508 avitaquoque
378 1433 469 1508 gloria
490 1433 621 1492 animum
644 1435 818 1492 stimulabat.
860 1436 1021 1494 senescere
1041 1432 1166 1510 igitur&

154 1509 301 1570 civitatem
323 1511 382 1571 otio
395 1522 483 1586 ratus,
497 1513 626 1589 undique
647 1515 796 1572 materiam
812 1515 959 1578 excitandi
973 1514 1041 1572 belli
1053 1532 1130 1588 qute-

154 1589 248 1649 rebat.
273 1589 374 1648 ·F0rte
397 1593 504 1665 evenit,
517 1601 549 1650 ut
573 1603 700 1669 agrestes
719 1593 847 1651 Romani
868 1613 906 1651 ex
919 1594 1034 1652 Albano
1048 1611 1128 1668 agro,

156 1669 265 1727 Albani
278 1689 315 1728 ex
328 1670 474 1739 Romano,
488 1673 601 1748 praedas
620 1673 651 1730 in
665 1673 759 1730 vicem
773 1684 901 1749 agerent.
942 1671 1130 1750 Imperitabat
1139 1691 1167 1732 15

155 1757 216 1806 tum
230 1749 266 1807 O.
280 1750 403 1808 Cluilius
424 1751 517 1808 Albae.
560 1751 709 1826 Utrimque
723 1751 811 1827 legati
825 1752 883 1809 fere
899 1753 953 1809 sub
966 1753 1045 1809 idern
1058 1761 1130 1814 tems

155 1847 208 1904 pus
222 1830 259 1886 ad
279 1848 325 1887 res
346 1829 517 1906 repetendas
539 1829 629 1889 missi.
671 1830 777 1888 Tullus
800 1841 977 1905 preceperat
997 1831 1067 1902 suis,
1090 1845 1130 1887 ne

155 1907 225 1982 quid
247 1905 335 1985 priris,
359 1909 445 1983 quarn
469 1908 615 1977 mandata,
640 1919 778 1985 agerent:
810 1909 879 1965 satis
900 1909 1020 1981 sciebat,
1041 1925 1130 1983 nega·

155 1995 252 2044 turum
266 1985 434 2055 Albanum
456 1988 496 2046 ita
510 1988 565 2064 'pie
579 1987 687 2046 bellum
701 1987 792 2046 indici
806 2006 899 2062 posse.
942 1988 990 2045 Ab
1004 1986 1130 2044 Albanis

155 2064 305 2124 socordius
328 2084 375 2124 res
398 2073 482 2124 acta:
514 2068 627 2143 excepti
650 2068 774 2144 hospitio
795 2068 831 2124 ab
853 2065 943 2126 Tullo
963 2064 1069 2125 blande
1093 2083 1166 2126 aest

156 2141 292 2221 benigne,
320 2145 439 2203 comiter
466 2145 543 2222 regis
566 2146 734 2204 convivium
759 2147 916 2204 celebrant.
972 2145 1129 2220 Tantisper

156 2221 284 2282 Romani
308 2235 338 2282 et
360 2243 406 2281 res
419 2225 610 2301 repetiverant
633 2225 752 2299 priores,
766 2235 795 2281 et
808 2225 926 2298 neganti
940 2224 1057 2280 Albano
1070 2224 1130 2281 bel·

155 2302 216 2360 lum
242 2303 273 2360 in
307 2302 487 2378 trigesimum
510 2303 588 2361 diem
623 2303 796 2364 indixerant.
853 2302 936 2358 llaec
963 2301 1131 2359 renuntiant

156 2379 245 2440 Tullo
257 2401 264 2438 r
285 2391 346 2440 turn
360 2382 462 2460 legatis
476 2381 582 2441 Tullus
592 2381 711 2438 dicendi
723 2389 904 2458 potestatem,
915 2380 984 2454 quid
999 2389 1131 2456 petentes

156 2460 296 2534 venerint,
324 2461 401 2520 facit.
455 2461 513 2528 Illi,
528 2459 669 2520 omnium
696 2459 798 2536 ignari,
827 2457 964 2534 primurn·
979 2458 1168 2534 purgandoas
1268 2535 1269 2538 Ἰ

155 2549 252 2598 terunt
269 2549 400 2616 tempus:
423 2545 442 2574 “
452 2542 491 2598 Se
505 2540 609 2598 invitos
622 2540 789 2615 quidquam,
802 2539 879 2614 quod
902 2537 999 2595 minuis
1018 2537 1133 2614 placeat

157 2622 176 2651 “
185 2619 283 2688 Tullo,
311 2620 459 2690 dicturos;
481 2619 532 2677 sed
547 2620 668 2695 imperio
695 2619 812 2696 subigi:
847 2637 893 2676 res
919 2617 1073 2692 repetitum
1099 2633 1131 2673 se

157 2705 176 2735 ‘⁴
188 2699 309 2757 venisse.
350 2699 391 2756 Ni
405 2699 572 2767 reddantur,
588 2699 695 2758 bellum
709 2699 838 2756 indicere
850 2698 976 2772 jussos.”
997 2696 1047 2753 Ad
1068 2695 1132 2754 haec

156 2773 272 2842 Tullus,
291 2787 310 2813 “
322 2777 492 2852 Nuntiate‚'{
508 2777 610 2850 inquit,
626 2787 645 2813 “
657 2777 718 2852 regi
730 2787 833 2846 vestro,
845 2793 943 2848 regern
962 2774 1132 2831 Romanum

157 2859 176 2889 ‘⁸
188 2851 267 2909 Deos
280 2852 375 2910 facere
389 2863 487 2920 testes,
502 2862 565 2910 uter
579 2852 659 2927 priris
682 2852 804 2927 populus
817 2870 864 2907 res
878 2860 1042 2924 repetentes
1054 2851 1169 2926 lega-an

157 2934 175 2963 “
186 2939 231 2989 tos
245 2930 432 3007 adspernatus
442 2929 594 3004 dimiserit,
605 2940 637 2988 ut
650 2931 681 2988 in
695 2948 763 2988 eum
776 2947 877 2989 omnes
888 2939 1025 3006 expetant
1035 2929 1133 3007 hujus-

157 3019 177 3048 “
188 3027 223 3069 ce
237 3009 335 3068 clades
349 3008 445 3066 belli.'’
846 3015 850 3022 '

194 3165 315 3225 XXIII.
337 3166 412 3224 Haec
425 3164 561 3224 nuntiant
571 3165 689 3224 domurn
703 3165 820 3224 Albani.
862 3165 901 3223 Et
912 3165 1020 3223 bellum
1031 3167 1167 3239 utrim-E'

155 3263 211 3324 que
224 3245 337 3304 summi
349 3263 404 3321 ope
418 3246 581 3321 parabatur,
595 3246 673 3304 civili
693 3246 870 3303 simillimum
885 3245 971 3317 bello,
985 3244 1073 3322 prope*
1087 3245 1132 3305 in·
1146 3251 1162 3296 9

154 3335 199 3383 ter
211 3335 347 3402 parentes
368 3335 528 3400 natosque3
550 3324 710 3401 Trojanarn
733 3335 883 3400 utramque
907 3324 1027 3401 prolem,
1042 3310 1168 3400 quum-²3

155 3403 310 3464 Lavinium
334 3405 370 3463 ab
394 3404 494 3481 Trojd,
509 3404 545 3462 ab
562 3405 683 3464 Lavinio
696 3405 784 3478 Alba,
798 3405 835 3462 ab
849 3403 1029 3462 Albanorum
1043 3404 1133 3480 stirpe
1147 3450 1161 3493 Γ

155 3502 258 3562 regum
271 3485 386 3543 oriundi
402 3483 530 3543 Romani
551 3495 657 3547 essent.
699 3484 828 3542 Eventus
841 3493 940 3542 tamen
954 3483 1022 3542 belli
1036 3484 1132 3544 minas
1147 3511 1161 3556 ,ο

146 3563 349 3636 1ιιιὶεθτῑώίὶειη
374 3563 591 3624 dimicationem
612 3563 700 3634 lecit3
722 3563 800 3640 quod
822 3583 888 3622 nec*
903 3563 966 3621 acie
990 3565 1168 3638 certatum}

156 3654 220 3714 est3
241 3655 281 3718 et,
302 3644 388 3702 tectis
412 3641 499 3702 modo
523 3644 625 3702 dirutis
649 3643 767 3702 ulterius
788 3644 876 3717 urbis,
899 3645 957 3702 duo
975 3641 1076 3718 populi
1101 3641 1168 3699 in*

157 3741 248 3806 upum
275 3723 389 3782 confusi
416 3733 491 3782 sunt.
533 3724 642 3784 Albani
669 3725 778 3801 priores
805 3724 917 3802 ingenti
945 3721 1073 3780 exercitu
1101 3720 1168 3780 inea
1264 3743 1265 3767 t

157 3819 259 3884 agrum
281 3804 450 3866 Muranum
472 3805 613 3884 impetum
636 3803 753 3867 leodre:
779 3815 876 3868 castra
897 3803 934 3862 ab
955 3799 1033 3864 Urbs
1055 3799 1135 3864 haud
