2556 4314
514 253 620 304 Lmen
636 254 658 304 1.
675 266 738 304 car.
755 268 809 304 vu.
1128 243 1148 306 9

173 405 312 454 nosceret.
355 394 401 454 Ita
413 394 541 472 undique
565 396 627 473 regi
647 395 729 454 dolus
742 395 877 454 nectitur.
917 393 1072 464 Mmrdns,
1085 409 1147 452 non

172 491 239 534 cum
261 474 349 550 globo
370 474 510 550 juvenum
532 474 602 552 (nec
626 475 704 532 enim
723 484 785 532 erat
802 475 838 532 ad
853 474 910 532 vim
930 485 1056 550 apertam
1069 473 1147 550 ptr),

171 553 224 612 sed
238 553 304 612 aliis
325 553 382 630 alio
396 553 499 612 itinere
518 553 606 630 jussis
629 564 708 612 certo
730 564 857 629 tempore
871 553 913 610 ad«
921 553 1029 630 regiam
1049 551 1147 610 venire

170 632 346 708 pastoribus
362 633 397 690 ad
420 651 518 709 regern
541 633 680 708 impetum
702 631 791 692 facit:
812 641 872 690 eta
891 631 976 690 domo
989 629 1147 690 Numitoris

149 711 230 770 salit
244 713 407 788 comparata
420 729 509 769 manu
523 711 638 792 adjurat
650 709 766 770 Remus
778 731 785 768 ι
799 709 841 770 ita
853 729 952 790 regem
965 710 1147 770 obtmncaut.

215 870 268 929 VI.
297 870 442 944 Numitor,
466 869 541 930 inter
563 870 688 947 primum
709 871 864 930 tumultum
890 871 987 930 hostes
1010 869 1149 928 invasisse

172 949 273 1008 urbem
288 961 371 1024 atque
383 951 495 1008 adortos
505 950 615 1026 regiam
625 949 772 1022 dictitans,
783 969 870 1025 quum
881 951 989 1026 pubem
1000 949 1146 1008 Albanam

171 1027 202 1086 in
225 1047 321 1088 arcem
345 1028 479 1104 praesidio
500 1029 642 1105 armisque
668 1029 854 1088 obtinendam
880 1031 1044 1100 avocasset;
1074 1034 1148 1104 post·

170 1126 257 1183 qnam
280 1108 411 1184 juvenes,
435 1112 596 1184 perpetrata
619 1109 710 1177 cede,
734 1127 853 1185 pergere
868 1108 905 1165 ad
925 1127 957 1166 se
970 1107 1148 1184 gratulantes

139 1198 163 1238 ιο
171 1185 250 1254 vidit,
265 1187 409 1263 extemplo
422 1188 560 1246 advocato
569 1187 703 1259 concilio,
718 1187 829 1246 scelera
849 1187 880 1246 in
894 1206 926 1244 se
940 1187 1044 1256 fratris,
1058 1185 1146 1263 origi·

171 1283 237 1324 nem
251 1277 398 1342 nepotum,
413 1277 445 1324 ut
467 1267 569 1342 geniti,
591 1278 623 1325 ut
646 1268 773 1340 educati,
793 1278 825 1325 ut
838 1266 949 1343 cogniti
969 1275 1078 1340 essent,
1090 1283 1147 1324 cas-

170 1345 237 1404 dem
250 1345 389 1422 deinceps
410 1347 535 1421 tyranni,
555 1365 643 1421 seque
665 1347 727 1423 ejus
752 1357 899 1406 auctorem
917 1345 1052 1404 ostendit.
1093 1343 1146 1402 Ju-

170 1442 267 1493 venes,
280 1444 331 1502 per
345 1426 470 1483 mediam
494 1426 666 1485 concionem
681 1426 795 1502 agmine
810 1426 942 1504 ingressi,
956 1443 1045 1502 quum
1059 1442 1146 1482 arum

168 1522 267 1580 regem
288 1505 470 1572 salutassent,
494 1515 595 1565 secuta
618 1524 655 1562 ex
667 1506 746 1564 omni
762 1503 945 1583 multitudine
959 1503 1146 1562 consentiens

136 1594 226 1644 uvox
251 1594 346 1642 ratum
369 1602 476 1640 nornen
491 1584 699 1658 imperiumque
721 1585 782 1660 regi
795 1581 1148 1645 effecitmltaNumitcri

53 1693 59 1712 ·
168 1662 288 1720 Albane
301 1662 442 1738 permissa
464 1681 506 1735 re,
520 1661 680 1720 Romulum
694 1663 880 1736 Remumque
894 1661 1102 1736 cupidocepit,
1115 1660 1146 1718 in
1254 1725 1258 1734 ¹

168 1740 205 1800 iis
218 1741 299 1812 locis,
316 1741 365 1798 ubi
380 1741 511 1816 expositi,
525 1741 632 1815 ubique
646 1740 762 1798 educati
772 1753 863 1808 erant,
875 1739 954 1798 urbis
966 1739 1146 1798 condendae:

168 1830 198 1878 et
221 1831 370 1896 supererat
391 1820 546 1878 multitudo
570 1819 750 1878 Albanorum
771 1819 1004 1894 Latinorumque.
1046 1818 1094 1877 Ad
1115 1817 1145 1878 id

169 1908 296 1974 pastores
309 1917 422 1973 quoque
436 1909 629 1970 accesserant,
639 1899 689 1972 qui
702 1918 803 1956 omnes
815 1897 899 1956 facile
913 1917 993 1973 spem
1006 1896 1145 1972 facerent,

134 1989 287 2054 supernam
310 1976 426 2049 Albam,
449 1995 568 2051 parvum
589 1976 753 2045 Lavinium,
777 1996 836 2053 prm
850 1979 883 2034 ea
899 1977 979 2044 urbe,
997 1996 1061 2052 quar
1074 1995 1145 2036 con·

145 2117 150 2130 ἱ
169 2056 296 2123 deretur,
321 2054 388 2112 lore.
429 2054 589 2114 Intervenit
612 2055 718 2114 deinde
740 2056 786 2113 his
799 2053 1022 2132 cogitationibus
1034 2057 1143 2114 avitum

170 2133 288 2207 malum,
301 2133 384 2210 regni
398 2134 523 2210 cupido;
544 2144 628 2210 atque
642 2135 711 2192 inde
725 2134 833 2194 foedum
844 2145 991 2194 certamen
1012 2146 1143 2194 coortum

170 2231 189 2270 a
200 2213 269 2272 satis
281 2213 344 2272 miti
367 2212 517 2289 principio.
558 2213 708 2276 Quoniam
729 2214 839 2290 gemini
852 2224 960 2287 essent,
980 2232 1036 2273 nec
1051 2213 1143 2274 etatis

172 2292 342 2350 verecundia
365 2292 521 2350 discrimen
545 2292 639 2351 facere
653 2304 759 2369 posset,
783 2304 816 2350 ut
829 2292 889 2361 Dii,
910 2311 1031 2368 quorum
1045 2292 1144 2352 tutele

132 2388 160 2431 sc
170 2387 207 2430 ea
219 2370 282 2429 loca
294 2381 399 2444 essent,
414 2371 542 2448 auguriis
554 2372 694 2448 legerent,
703 2373 752 2447 qni
766 2391 871 2430 nomen
883 2391 963 2430 nove
974 2371 1039 2430 urbi
1050 2372 1142 2440 daret,

167 2449 217 2525 qui
238 2450 384 2508 conditam
407 2449 529 2526 imperio
548 2461 671 2525 regeret,
687 2450 829 2508 Palatium
851 2451 1006 2519 Romulus.
1028 2450 1143 2510 Remus

169 2529 356 2606 Aventinum,
378 2529 415 2592 ud
429 2529 673 2608 inaugurandum,
686 2528 792 2606 templa
806 2529 933 2606 capiunt.

206 2650 275 2750 vll.
297 2690 390 2750 Priori
400 2688 503 2750 Remo
516 2690 670 2768 angurium
690 2689 803 2748 venisse
818 2688 914 2760 fertur,
933 2707 984 2748 sex
997 2688 1143 2749 vultures:
1193 2721 1196 2728 ⁴

164 2767 290 2844 jamque,
311 2771 446 2830 nuntiato
470 2770 599 2847 augurio,
624 2788 712 2845 quum
734 2769 840 2846 duplex
864 2789 1001 2828 numerus
1014 2769 1142 2830 Romulo

131 2861 198 2906 ause
218 2851 400 2919 ostendisset,
421 2861 575 2925 utrumque
599 2868 698 2926 regem
711 2868 763 2907 sua
781 2849 934 2908 multitudo
947 2849 1143 2910 consalutare·

166 2937 229 2985 rat:
250 2938 378 3004 tempore
402 2930 442 2988 illi
463 2938 617 3006 praecepto,
642 2940 672 2986 at
694 2929 725 2986 hi
749 2947 870 2986 numero
893 2930 998 2998 avium,
1018 2947 1141 3004 regnum
1236 2967 1244 2984 ,

166 3005 330 3066 trahebant.
386 3007 476 3092 Inde,
492 3028 560 3066 cum
588 3008 774 3070 altercatione
795 3009 953 3084 congressi,
981 3006 1141 3066 certamine

166 3083 276 3144 irarum
290 3086 325 3144 ad
340 3087 450 3145 caedem
464 3098 630 3166 vertuntur:
653 3086 693 3144 ibi
708 3087 736 3145 in
751 3087 834 3146 turba
849 3088 923 3145 ictus
937 3088 1050 3162 Remus
1063 3084 1142 3144 ceci·

164 3163 218 3224 dit·
240 3164 390 3242 Vulgatior
404 3166 481 3224 fama
493 3177 550 3239 est,
569 3166 693 3224 ludibrio
707 3165 801 3224 fratris
822 3165 949 3224 Remum
963 3185 1053 3225 novos
1065 3174 1143 3239 tran·

129 3285 158 3320 φ
167 3242 279 3302 siluisse
294 3263 409 3304 muros:
431 3246 499 3302 inde
520 3247 557 3304 ab
577 3245 649 3304 irato
663 3245 791 3304 Romulo
805 3243 907 3320 (quum
922 3246 1015 3304 verbis
1028 3260 1141 3321 quoque

129 3325 149 3396 Ξ
165 3320 352 3400 increpitans,
367 3319 529 3401 adjecisset,
552 3324 632 3382 “Sic
653 3324 769 3391 deinde,
791 3325 965 3400 quicumque
978 3325 1051 3384 alius
1065 3337 1143 3380 nan-

134 3411 149 3457 ὀ
166 3410 185 3438 “
194 3401 270 3468 siliet
284 3404 392 3463 rnoenia
407 3423 471 3461 mea
482 3404 523 3482 ”)
539 3403 731 3462 interfectum.
753 3402 799 3460 Ita
812 3403 889 3462 solus
903 3405 1008 3478 potitus
1021 3399 1142 3476 imperio

134 3475 148 3522 ὅ
164 3479 329 3554 Romulns;
350 3483 467 3542 condita
481 3483 549 3540 urbs
562 3482 719 3542 conditoris
739 3481 856 3539 nomine
870 3483 1018 3557 appellata.
1059 3475 1143 3562 Palu-

128 3571 148 3642 a:
165 3560 237 3620 tium
258 3561 391 3638 primum,
406 3563 437 3622 in
451 3581 508 3636 quo
521 3561 582 3636 ipse
596 3570 658 3618 erat
671 3561 821 3632 educatus,
836 3560 958 3617 muniit:
980 3551 1142 3640 sacnUDut

133 3639 228 3706 tuiis
243 3639 360 3706 Albano
380 3641 447 3708 ritu,
472 3640 576 3698 Graeco
600 3639 732 3710 Herculi,
747 3649 778 3695 ut
798 3639 835 3696 ab
855 3637 990 3718 Evandro
1011 3633 1141 3681 instituta

128 3705 256 3796 &utroq
281 3719 362 3784 facit.
413 3719 573 3784 Herculem
597 3717 628 3784 iu
651 3702 1141 3791 estona,ce150n0mceremrt0·
