2556 4314
122 327 179 389 me
209 294 213 302 ⁴
520 319 592 375 τιτι
608 317 698 375 tivir-

120 471 261 530 Ticinum
285 479 410 535 amnem,
426 466 510 526 ambo
535 466 680 543 aliquanti>
693 465 757 543 pdst
772 465 808 524 ad
822 465 972 534 Trebiam,
986 487 1100 546 pugna.
1145 467 1148 472 '

120 551 222 610 verint.
263 548 325 606 Aut
343 547 445 607 omnia
455 547 586 605 breviora
600 545 745 621 aliquantd
759 547 847 617 luere,
870 559 921 604 aut
936 547 1098 624 Saguntum
1150 577 1153 582 ·

139 629 261 705 rincipio
275 626 354 696 anni,
368 646 426 702 quo
449 626 481 684 P.
504 627 666 697 Cornelius,
691 626 740 683 Ti.
760 626 950 701 Sempronius
965 629 1099 686 consules

119 651 248 783 inerunt,
262 727 321 766 non
335 718 461 782 creptum
474 706 635 783 oppugnari
649 717 702 773 est,
725 705 775 762 sed
790 715 916 780 captum.
959 707 1038 764 Nam
1052 726 1100 764 ex·

121 789 244 848 cessisse
258 806 355 864 pugna
370 787 406 844 ad
421 785 561 843 Trebiam
576 787 605 843 in
620 804 729 842 annum
743 786 799 842 Cn.
811 785 926 847 Servilii
940 796 970 843 et
984 786 1019 843 C.
1035 787 1100 844 Fla·
1122 791 1136 831 ⁵

121 866 205 926 minii
219 887 277 926 non
292 876 404 944 potest3
426 866 493 940 quia
510 865 671 922 Flaminius
688 864 811 922 Arimini
826 864 1009 923 consulatum
1023 866 1098 934 iniit,

122 958 236 1006 creatus
257 947 293 1004 ab
315 946 364 1004 Ti.
389 943 560 1020 Sempronio
584 944 725 1013 consule;
747 944 807 1018 qui,
828 955 893 1019 post
910 964 1038 1021 pugnam
1062 945 1098 1004 ad

122 1027 262 1085 Trebiam
276 1027 313 1082 ad
332 1024 473 1082 creandos
496 1024 631 1085 consules
654 1024 781 1082 Romam
796 1043 885 1098 quum
899 1025 1034 1093 venisset,
1049 1041 1099 1084 co-

122 1106 211 1166 mitiis
223 1103 358 1182 perlectis
369 1104 409 1162 ad
422 1102 582 1162 exercitum
595 1103 627 1161 iu
640 1103 763 1186 hiberna
775 1103 869 1161 rediit
917 1159 920 1164 .

162 1263 247 1321 XVI.
270 1263 332 1320 Sub
353 1262 431 1321 idem
455 1261 514 1336 ferd
539 1272 652 1339 tempus
676 1272 706 1322 et
728 1261 827 1338 legati,
851 1261 900 1336 qui
920 1260 1066 1318 redierant
1080 1269 1137 1319 a1⁰

123 1343 309 1420 Carthagine,
317 1342 618 1414 Romamretulerunt,
627 1342 726 1400 omnia
735 1342 849 1400 hostilia
860 1360 933 1412 esse,
945 1351 974 1397 et
984 1342 1099 1417 Sagun·

123 1423 145 1481 ti
159 1423 320 1503 exscidium
334 1423 499 1480 nuntiatum
512 1434 556 1480 est
568 1442 575 1480 :
596 1432 749 1497 tantusque
764 1421 849 1478 simul
864 1440 968 1478 rnoeror
989 1420 1098 1492 Patres,

122 1501 375 1577 misericordiaque
400 1502 542 1560 sociorum
566 1512 777 1577 peremptorum
803 1501 934 1576 indigne,
958 1510 988 1557 et
1008 1500 1100 1576 pudor

122 1600 181 1640 non
195 1581 245 1639 lati
259 1581 367 1652 auxilii,
382 1591 412 1638 et
425 1581 468 1638 ira
480 1581 511 1638 in
526 1581 793 1657 Carthaginienses,
807 1591 958 1655 metusque
972 1580 1009 1636 de
1022 1598 1101 1636 sum-

123 1663 171 1718 mi
184 1679 280 1718 rerum
294 1660 381 1736 cepit,
403 1661 480 1717 relat
499 1661 523 1718 si
541 1661 601 1736 jam
620 1662 656 1717 ad
670 1671 765 1736 portas
784 1660 874 1716 hostis
887 1670 964 1716 esset
975 1681 992 1728 ;.
1004 1669 1045 1731 ut,
1060 1668 1102 1716 tot
1113 1666 1137 1708 15

123 1759 182 1798 uno
196 1739 323 1816 tempore
337 1739 462 1797 motibus
476 1738 565 1795 animi
579 1740 694 1806 turbati,
706 1738 883 1813 trepidarent
898 1739 999 1814 magis,
1014 1738 1101 1812 quam

123 1819 318 1878 consulerent.
359 1819 438 1875 Nam
459 1836 554 1892 neque
578 1817 689 1874 hostem
713 1818 853 1874 acriorem
878 1817 1102 1874 bellicosiorem·

123 1917 179 1974 que
204 1918 302 1956 secum
325 1915 532 1973 congressum3
554 1916 610 1954 nec
633 1916 692 1953 rem
717 1897 882 1954 Romanam
895 1907 953 1953 tam
967 1896 1101 1972 desidem

123 1997 251 2052 unquam
273 1977 360 2034 fuisse
385 1986 469 2050 atque
494 1975 649 2033 imbellem.
691 1977 807 2047 Sardos,
829 1965 1102 2053 Corsosquesei‘is·

123 2067 191 2124 tros,
207 2067 291 2130 atque
314 2055 436 2130 Illyrios,
464 2054 615 2112 lacessisse
630 2055 732 2130 magis,
751 2056 836 2130 qudrn
850 2055 1024 2126 exercuisse,
1039 2055 1101 2112 Ro·
1111 2070 1137 2110 su

124 2153 211 2199 mana
231 2153 327 2203 arma3
349 2145 459 2192 etcum
474 2133 570 2191 Gallis
579 2135 783 2192 tumultuatum
797 2134 899 2202 verids,
921 2136 1007 2209 quim
1022 2133 1102 2190 belli-

125 2224 265 2291 geratum.
306 2213 439 2281 Poenum,
465 2214 576 2271 hostem
598 2226 776 2285 veteranum,
790 2213 876 2270 trium
890 2223 920 2269 et
933 2213 1034 2288 viginti
1049 2231 1102 2271 an·

125 2312 227 2352 norum
241 2292 342 2349 militia
356 2293 508 2350 durissima
523 2293 596 2351 inter
611 2294 758 2369 Hispanas
771 2302 870 2368 gentes
885 2310 997 2366 semper
1011 2291 1103 2350 victo-

124 2391 196 2446 rem,
217 2372 342 2448 primum
366 2371 542 2439 Hamilcare,
563 2373 670 2429 deinde
686 2371 878 2443 Hasdrubale,
893 2390 973 2428 nunc
988 2371 1103 2427 Hanni·

124 2452 190 2510 bale
203 2452 277 2509 duce
292 2453 432 2511 acerrimo
456 2462 611 2524 assuetum,
626 2463 774 2509 recentem
791 2451 827 2508 ab
841 2451 973 2508 exscidio
985 2451 1138 2525 opulen-as

86 2545 90 2552 '
124 2530 242 2591 tissimae
266 2531 356 2600 urbis,
370 2532 489 2589 Iberum
502 2532 642 2588 transire:
664 2532 777 2587 trahere
805 2549 906 2587 secum
930 2540 972 2587 tot
992 2529 1102 2587 excitos

125 2604 322 2689 Hispanorum
347 2611 486 2688 populos;
508 2612 691 2669 conciturum
715 2610 813 2667 avidas
827 2628 940 2685 semper
958 2627 1102 2666 armorum

125 2693 251 2751 Gallicas
278 2702 398 2767 gentes:
421 2710 488 2748 cum
509 2691 578 2746 orbe
602 2699 741 2746 terrarum
766 2688 874 2747 bellum
897 2689 1057 2766 gerendum
1071 2688 1102 2746 in

44 2775 46 2782 '
124 2771 208 2830 ltalia
222 2791 257 2830 ac
270 2790 322 2846 pro
335 2770 479 2828 moenibus
492 2768 635 2828 Romanis
648 2787 721 2826 esse.

165 2927 267 2986 XVII.
289 2929 454 2988 Nominatae
465 2931 524 3008 jam
539 2942 624 2990 antea
647 2929 814 2988 consulibus
830 2928 984 3004 provincie
998 2936 1081 2986 erant
1092 2946 1101 2996 ς
1111 2944 1142 2986 ac·

126 3017 187 3066 lum
215 3008 308 3066 sortiri
339 3010 420 3086 jussi.
461 3011 597 3070 Cornelio
625 3010 776 3086 Hispania,
805 3010 977 3085 Sempronio
1001 3007 1104 3065 Africa

127 3105 195 3146 cum
210 3087 311 3144 sicilia
334 3089 439 3147 evenit.
482 3091 541 3148 Sex
562 3090 592 3147 in
614 3110 682 3148 eum
701 3108 809 3146 annum
824 3089 947 3146 decretae
962 3088 1102 3164 legiones,

127 3177 156 3224 et
169 3167 279 3224 socidrn
301 3178 440 3242 quantum
464 3168 533 3244 ipsis
556 3170 708 3240 videretur,
723 3179 753 3225 et
774 3167 874 3225 classis
887 3177 994 3240 quanta
1008 3164 1103 3241 parari

125 3257 230 3323 posset.
280 3245 415 3308 Quatuor
442 3258 472 3304 et
500 3248 600 3324 viginti
628 3249 758 3324 peditum
785 3247 983 3306 Rornanorum
1011 3243 1105 3302 millia

127 3336 194 3385 sunt
207 3325 323 3401 scripta,
349 3337 378 3384 et
401 3327 479 3385 mille
493 3328 654 3404 octingenti
672 3328 802 3402 equites:
825 3327 969 3384 sociorum
982 3323 1138 3398 quadra-as

127 3407 209 3485 ginta
222 3406 311 3463 millia
324 3406 463 3482 pediturn,
478 3417 598 3482 quatuor
613 3407 702 3465 millia
713 3417 742 3464 et
753 3404 956 3482 quadringenti
971 3404 1102 3478 equites:

127 3505 215 3546 naves
229 3487 363 3543 ducentae
384 3485 485 3563 viginti
499 3487 729 3562 quinqueremes,
745 3486 860 3565 celqges
881 3484 983 3560 viginti
997 3483 1105 3541 deduc-

127 3579 172 3626 tae.
214 3566 319 3624 Latum
344 3565 411 3624 inde
436 3567 471 3623 ad
495 3568 643 3643 populum,
666 3576 685 3603 “
698 3566 813 3634 vellent,
833 3565 980 3643 juberent,
1000 3560 1105 3640 populo

128 3645 394 3722 “Carthaginiensi
419 3646 526 3704 bellurn
550 3646 669 3704 indici.’'
711 3645 840 3721 Ejusque
855 3645 923 3701 belli
938 3645 1026 3701 causi
1040 3661 1075 3698 su

67 3735 72 3752 ¹
126 3725 243 3802 plicatio
267 3745 317 3800 per
343 3725 443 3782 urbem
459 3727 565 3795 habita,
580 3736 665 3798 atque
680 3725 789 3781 adorati
805 3725 865 3797 Dii,
880 3735 912 3781 ut
927 3724 1002 3780 hene
1016 3739 1051 3776 ac
1066 3659 1140 3782 lid-n

128 3801 221 3862 liciter
244 3805 382 3879 eveniret,
406 3803 483 3881 qudd
507 3804 616 3862 bellum
642 3803 764 3877 populus
787 3801 943 3862 Romanus
964 3798 1105 3879 jussisset.
