2556 4314
1 325 2 336 ’
96 347 145 412 -ffl
459 306 579 392 uiri
595 341 682 440 mvn
752 369 758 380 ·

824 399 826 404 ’
837 389 851 417 ’t

107 501 181 562 seat,
196 496 290 580 neque
315 463 363 546 ille
385 485 480 546 minda
503 437 685 544 obstinatus
678 472 791 561 ingenti
807 490 925 560 pontem
939 481 1085 548 obtineret

99 570 209 648 ¹gradu,
236 567 299 644 jam
318 565 438 644 impetu
464 565 646 624 conabantur
666 564 820 623 detrudere
846 563 964 634 virumq'
993 584 1084 640 quum

60 711 63 720 ,
108 649 194 711 simul
209 644 303 724 fragor
317 645 401 722 rupti
407 645 512 721 pontis,
527 644 613 702 simul
627 644 736 714 clamor
756 644 967 716 Romanorum,
983 645 1084 705 alacri·

108 739 167 787 tate
180 725 302 804 perfecti
315 725 412 802 operis
424 723 563 792 sublatus,
577 743 691 802 pavore
696 724 812 784 subito
804 733 945 816 rrnpetum
959 725 1086 784 sustinu-

101 807 140 867 it.
189 805 270 866 Τιἰιιι
294 803 432 874 Cocles,‘
435 805 593 863 ‘Tiberine
614 805 723 880 pater‚'’
749 803 851 879 inquit,
877 813 946 888 “te,
972 815 1120 896 sancte,5

108 895 128 926 ‘⁶
139 905 250 963 precor,
265 887 329 944 haec
343 903 422 943 arma
435 895 464 943 et
478 886 558 943 huno
572 883 694 942 militem
706 884 828 961 propitio
842 873 962 942 flumine
977 885 1084 961 accipi·
1147 878 1158 891 ⁴

108 975 197 1026 “as.
184 967 202 994 ”
254 965 301 1023 Ita
325 965 373 1030 sio
391 954 518 1022 armatus
542 964 573 1022 in
597 962 732 1024 Tiberim
756 963 892 1034 desiluit3
929 964 1083 1039 multisque
1119 1034 1121 1038 ι

106 1045 391 1122 superincidentibus
405 1044 479 1117 telis,
493 1044 648 1103 incolumis
670 1043 707 1101 ad
722 1063 789 1108 suos
809 1043 941 1115 tranavit,
955 1063 1019 1101 reru
1034 1061 1084 1102 au-

104 1144 155 1184 sus
177 1125 243 1201 plus
264 1124 347 1182 famae
369 1124 532 1182 babituram
555 1122 591 1180 ad
614 1133 751 1200 posteros,
759 1121 854 1213 qulam
875 1088 952 1180 fidei.
994 1123 1084 1180 Grata

105 1223 175 1280 erga
188 1213 299 1262 tantam
312 1204 447 1262 virtutem
467 1204 569 1262 ciuitas
583 1203 655 1261 fuit:
678 1213 773 1261 statua
785 1203 816 1260 in
831 1202 949 1261 comitio
969 1202 1081 1279 posita·
1073 1247 1081 1274 ,
1092 1231 1119 1270 10

107 1282 176 1358 agri
171 1293 323 1356 quantum
345 1302 403 1340 uno
427 1283 474 1340 die
494 1282 705 1352 circumaravit,
727 1282 839 1340 datum.
879 1281 994 1340 Privata
1014 1301 1083 1358 quo·

106 1380 177 1450 que
176 1361 251 1418 inter
264 1361 397 1436 publicos
411 1361 534 1418 honores
548 1346 643 1419 studia
656 1359 844 1416 eminebant.
865 1379 944 1428 nam,
959 1361 989 1417 in
1003 1381 1082 1436 mag·

1 1441 2 1470 ³
106 1439 177 1498 nd
169 1439 277 1514 inopia,
306 1458 361 1530 pro
383 1439 549 1498 domesticis
573 1438 665 1512 eopiis
689 1439 886 1515 unusquisque
910 1439 939 1498 ei
964 1439 1100 1528 aliquid
1124 1437 1156 1534 Ἰ

1 1545 2 1592 3
106 1517 244 1577 fraudans
258 1536 290 1604 se
304 1518 366 1594 ipse
380 1517 458 1575 victu
480 1536 543 1584 suo,
557 1516 688 1575 eontulit.

141 1675 203 1734 ·.XI
224 1675 361 1747 Porsena,
375 1674 473 1766 primo
489 1684 597 1732 conatu
618 1674 759 1764 repulsus,
774 1675 905 1734 consiliis
925 1675 962 1734 ab
975 1694 1085 1753 oppug·
1092 1702 1118 1742 15

105 1755 205 1816 nanda
219 1756 298 1813 urbe
322 1721 361 1812 ad
380 1754 570 1846 obsidendam
583 1755 683 1821 versis,
696 1755 855 1830 presidio
847 1774 878 1813 m
892 1755 1031 1813 Junioulo'
1043 1756 1083 1814 lo-

5 1821 13 1841 ²
105 1845 180 1906 cato,
195 1835 256 1910 ipse
271 1835 302 1892 in
305 1835 402 1925 plano
426 1834 551 1910 ripisque
575 1833 693 1891 Tiberis
717 1834 937 1909 ιιιιιιιιιιοειιιι;
959 1835 1081 1892 navibus

105 1915 235 1988 undique
249 1913 361 1981 accitis,
376 1923 406 1970 et
419 1914 456 1970 ad
470 1912 641 1982 custodiam,
656 1914 777 1987 nequid
798 1913 925 1972 Romam
943 1912 1081 1970 frumenti
1144 1936 1147 1942 ·

104 1993 228 2050 subvehi
242 1992 358 2063 sineret,
373 2001 404 2049 et
423 2001 456 2049 ut
478 1992 638 2067 praedatum
662 1993 769 2050 milites
792 2003 872 2051 trans
894 1992 1004 2050 flumen
1028 2011 1079 2068 per

104 2071 275 2130 occasiones
296 2071 360 2128 aliis
385 2081 470 2146 atque
494 2071 558 2129 aliis
581 2071 653 2130 loeis
667 2072 831 2148 trajiceret:
853 2071 990 2147 brevique
1004 2071 1117 2130 adedao

105 2150 243 2214 infestum
263 2169 380 2209 omnem
394 2151 563 2218 Romanurn
584 2171 686 2228 agrum
699 2153 834 2223 reddidit,
850 2162 881 2209 ut
902 2154 961 2210 ιιοιι
975 2161 1079 2209 caetera

8 2279 10 2283 .
104 2228 197 2288 soltim
210 2249 247 2287 ex
261 2249 345 2306 agris,
361 2232 412 2288 sed
434 2250 528 2306 pecus-
539 2240 652 2306 quoque
666 2251 753 2290 omne
767 2232 798 2288 in
813 2232 914 2289 urbem
928 2231 1080 2306 compelle·

66 2333 69 2335 ·
104 2319 191 2380 retur,
206 2329 301 2384 neque
314 2310 465 2385 quisq'uam
478 2321 560 2368 extra
572 2321 668 2387 portas
680 2310 840 2387 propellere
854 2311 981 2368 auderet.
1011 2309 1079 2366 Hoc

104 2397 218 2446 tantum
239 2388 365 2447 licentiae
390 2389 531 2458 Etruscis
546 2410 606 2449 non
630 2400 710 2446 metu
731 2390 834 2466 magis,
849 2390 935 2465 quim
949 2388 1078 2459 oonsilio,

103 2485 296 2526 concessum:
317 2485 443 2543 namque
467 2469 602 2528 Valerius
625 2469 738 2536 consul,
760 2467 889 2526 intentus
909 2469 939 2526 in
952 2467 1117 2528 occasio-es

53 2551 56 2559 '
104 2565 174 2606 nem
188 2547 292 2604 multos
306 2546 391 2603 simul
405 2556 441 2602 et·
456 2549 561 2604 effusos
583 2545 736 2621 improviso
758 2548 919 2618 adoriundi‚
934 2547 964 2603 in
985 2546 1079 2622 parvis

104 2626 191 2684 rebus
205 2624 357 2702 negligens
371 2624 454 2691 ultor,
469 2643 587 2700 gravem
600 2643 632 2682 se
644 2625 690 2681 'ad
705 2625 813 2700 majora
826 2627 972 2684 vindicem
986 2643 1080 2683 serva·

105 2705 164 2764 bat
204 2703 317 2779 Itaque,
333 2713 364 2760 ut
377 2702 495 2760 eliceret
514 2704 697 2778 predatores,
715 2703 805 2760 edicit
819 2705 889 2770 suis,
905 2715 1018 2778 postero
1032 2703 1080 2760 die

105 2783 271 2856 frequentes
291 2782 374 2857 porta
387 2781 548 2871 Esquilina,
563 2801 626 2856 quae
651 2781 832 2836 aversissima
855 2781 892 2836 ab
913 2783 994 2838 hoste
1008 2792 1079 2854 erat,

104 2859 283 2936 expellerent
303 2877 412 2935 pecus3
434 2860 556 2917 scituros
577 2860 607 2915 id
625 2861 722 2915 hostes
735 2867 824 2925 ratus,
839 2855 960 2932 quddrn
974 2859 1117 2918 obsidiae

105 2957 162 2998 one
186 2948 216 2996 et
240 2939 315 2995 lame
338 2937 453 2995 servitia
474 2937 564 2994 infida
586 2936 810 3013 transfugerent.
852 2936 891 2994 Et
909 2937 1001 2994 sciere
1014 2958 1080 3014 per·

106 3018 182 3094 lingas
195 3011 324 3086 indicio3
345 3015 493 3090 multoque
505 3017 612 3092 plures,
623 3025 656 3072 ut
669 3015 700 3072 in
714 3035 795 3092 spem
809 3017 950 3074 universae
963 3019 1078 3092 predae,
1117 3017 1120 3024 '

106 3096 216 3154 flumen
239 3095 394 3185 trajiciunt.
436 3095 468 3152 P.
494 3095 629 3160 Valerius
650 3095 718 3153 inde
740 3096 778 3153 T
804 3096 991 3155 Herminium
1011 3117 1079 3155 curn

17 3205 21 3214 ·
107 3174 230 3233 modicis
253 3175 344 3248 copiis
368 3175 404 3232 ad
419 3175 581 3232 secundum
601 3175 727 3250 lapidem
740 3175 896 3233 Gabina
870 3177 1079 3235 vraocoultum

106 3253 258 3312 considere
270 3252 371 3329 jubet3
394 3254 444 3330 Sp
469 3253 600 3312 Lartium
624 3273 692 3312 oum
713 3255 849 3331 expedita
867 3255 1018 3332 juventute
1042 3257 1116 3314 adas

106 3341 218 3409 portam
242 3331 386 3391 Collinam
407 3343 493 3402 stare,
512 3335 606 3393 donec
630 3334 719 3392 hostis
739 3345 906 3410 pretereat,
927 3335 1033 3393 deinde
1047 3354 1078 3392 se

106 3411 243 3489 objicere,
258 3430 296 3469 ne
310 3413 347 3470 sit
360 3413 396 3470 ad
410 3413 519 3472 flumen
533 3415 650 3472 reditus.
692 3413 853 3472 Consulum
874 3412 953 3486 alter,
969 3415 1006 3472 T.
1021 3414 1119 3472 Lu·

109 3491 217 3550 cretius
219 3491 323 3566 ,porta
336 3491 366 3550 N
368 3493 439 3550 aevra
453 3513 521 3553 oum
536 3493 643 3569 aliquot
656 3494 817 3570 manipulis
836 3495 960 3552 militum
984 3513 1079 3570 egres·

109 3589 178 3630 sus.
200 3571 260 3645 ipse
275 3570 408 3629 Valerius
431 3573 525 3632 (ιιιιιο
546 3583 643 3633 monte
658 3574 791 3631 cohortes
809 3573 937 3631 delectas
960 3574 1077 3630 educit:

110 3650 198 3726 bique
218 3649 305 3727 primi
329 3654 483 3742 apparuere
508 3654 591 3713 hosti
643 3652 825 3724 Herminius,
846 3652 896 3710 ubi
923 3641 1116 3712 tumultumao

110 3730 208 3802 sensit,
224 3731 370 3790 concurrit
383 3749 420 3789 ex
433 3732 555 3801 insidiis,
570 3731 714 3809 versisque
728 3733 759 3790 in
773 3698 923 3791 Valerium
937 3730 1078 3799 Etruscis,

106 3815 191 3885 terga
203 3811 305 3870 cadit·
298 3853 315 3874 .,
327 3811 428 3871 dextri
441 3811 579 3890 levaque,
593 3812 664 3872 hinc
685 3831 703 3871 a
714 3811 798 3890 porti
811 3811 935 3884 Collina,
949 3810 1034 3870 illino
1043 3810 1080 3870 ab
