2556 4314
509 325 625 400 'urana
639 344 713 394 xxi.
730 316 793 394 ari.
810 357 861 392 ιιι.
1103 345 1162 404 173

186 489 232 550 liis
252 489 444 566 operibusque
465 489 600 554 habebat,
624 507 784 564 paucorum
798 488 834 544 iis
847 487 959 544 dierum
971 486 1099 562 quietem
1113 487 1163 546 de·

187 570 239 643 dit,
254 569 425 626 stationibus
447 569 482 624 ad
505 568 666 626 custodiam
688 568 835 624 vinearum
856 567 1030 640 aliorumque
1043 585 1163 644 operum

185 649 348 724 dispositis:
370 647 485 706 interim
509 648 620 705 animos
639 666 737 704 eorum
753 665 831 704 nunc
846 646 888 702 iria
902 646 932 702 in
956 647 1051 702 hostes
1065 647 1162 706 stimu·
1223 689 1224 692 =

188 727 285 794 lando,
300 747 379 784 nunc
394 746 444 802 spe
468 727 649 802 praemiorum
666 726 810 783 accendit.
851 724 890 782 Ut
905 726 971 782 verb
985 744 1035 799 pro
1050 726 1164 783 concio·

164 812 227 865 ⁵ue
240 807 366 882 praedam
387 816 479 882 captae
501 807 580 864 urbis
601 806 692 863 edixit
710 805 833 865 militum
857 804 927 876 fore,
952 803 1025 862 adeo
1048 804 1164 862 accensi

187 905 290 944 omnes
303 897 380 958 sunt,
395 897 436 952 ut,
452 886 475 942 si
489 885 634 960 extemplo
641 885 758 960 siguum
772 885 870 940 datum
886 895 971 950 esset,
987 883 1066 940 nulla
1081 884 1108 942 vi
1121 902 1165 942 re-

187 965 250 1023 sisti
264 965 406 1036 videretur
420 984 510 1040 posse.
552 964 719 1040 Saguntini,
734 974 766 1021 ut
779 982 796 1019 a
814 962 922 1038 proeliis
935 963 1061 1037 quietem
1076 963 1174 1022 habu·-

186 1055 279 1117 erant,
293 1063 348 1102 aec
362 1045 538 1101 lacessentes
546 1062 602 1100 nec
616 1043 743 1100 lacessiti
757 1061 807 1117 per
822 1042 929 1117 aliquot
948 1043 1031 1111 dies3
1052 1043 1093 1099 ita
1107 1061 1165 1100 nou

185 1123 1040 1197 nocte,nondie‚unquamcessaverantabopere,utnovum
1051 1140 1165 1180 murum
1216 1117 1218 1124 '

149 1207 173 1247 1⁰
185 1201 221 1258 ab
236 1202 272 1258 erl
284 1212 375 1277 parte,
390 1203 447 1276 qua
459 1203 635 1277 patefactum
649 1202 786 1278 oppidum
801 1200 892 1258 ruinis
906 1211 976 1268 erat,
1002 1200 1164 1260 reficerent.
1253 1269 1254 1276 ἵ

157 1339 160 1350 ,
185 1280 260 1338 Inde
270 1283 446 1357 oppugnatio
456 1301 506 1338 eos
517 1281 662 1362 aliquanti)
671 1281 803 1347 atrocior,
814 1281 900 1354 quarn
910 1279 987 1347 aute,
997 1280 1097 1338 adorta
1104 1291 1165 1339 est:
1253 1293 1254 1314 ³

185 1379 253 1427 nec,
268 1361 325 1434 qua
338 1359 462 1435 primum
476 1371 526 1419 aut
539 1358 720 1436 potissimum
736 1374 815 1435 parte
828 1358 935 1417 ferrent
945 1378 1040 1434 opem,
1062 1358 1165 1436 (quum
1215 1393 1220 1404 ·

184 1439 285 1497 omnia
296 1440 381 1495 variis
392 1439 565 1496 clamoribus
578 1443 751 1517 streperent)
767 1439 836 1496 satis
847 1439 921 1495 scire
934 1450 1075 1514 poterant.
1098 1439 1165 1516 Ipse

187 1517 349 1585 Hannibal,
364 1518 421 1592 qub
440 1519 526 1575 turris
547 1519 670 1585 mobilis,
685 1519 783 1593 omnia
796 1518 976 1576 munimenta
990 1519 1068 1576 urbis
1082 1537 1166 1594 supe·

152 1613 177 1654 15
187 1617 256 1656 rans
270 1596 432 1664 altitudine,
448 1597 596 1672 agebatur,
612 1598 736 1655 hortator
751 1597 867 1656 aderat:
889 1616 952 1671 quae
966 1617 1055 1671 quum
1069 1599 1166 1660 admo·

188 1686 229 1744 ta,
239 1676 392 1752 catapultis
403 1676 579 1751 ballistisque
593 1695 644 1751 per
652 1675 750 1733 omnia
763 1675 891 1733 tabulata
905 1676 1059 1750 dispositis
1070 1692 1168 1736 muros

187 1756 390 1813 defensoribus
414 1755 570 1824 nudasset3
603 1766 664 1813 tum
686 1754 846 1827 Hannibal,
868 1753 1053 1812 occasionem
1078 1767 1165 1831 ratus,
1254 1777 1255 1788 ¹

185 1834 362 1910 quingentos
384 1835 473 1892 ferme
498 1835 586 1892 Afros
610 1853 677 1892 curn
702 1833 827 1891 dolabris
849 1834 885 1890 ad
908 1834 1105 1892 subruendum
1129 1836 1166 1894 ab

186 1913 246 1973 imo
270 1933 384 1971 murum
406 1914 512 1972 mittit:
533 1933 589 1972 nec
611 1925 673 1971 erat
697 1902 817 1971 didicile'
838 1931 920 2000 opus,
934 1912 1010 1988 quod
1025 1926 1167 1974 cementa

145 2005 175 2048 so
187 2012 247 2052 non
261 1994 343 2051 calce
358 1995 460 2052 durata
473 2005 564 2067 eraut,
580 1994 630 2051 sed
645 1994 771 2051 interlita
784 1992 855 2065 luto,
877 2003 1027 2050 structura
1041 1994 1165 2070 antiquae

185 2091 305 2150 genere.
353 2072 456 2148 Itaque
479 2074 572 2141 latius,
595 2071 681 2147 quim
707 2073 876 2139 caederetur,
904 2073 1024 2130 ruebat:
1058 2093 1165 2150 perque

184 2152 315 2229 patentia
327 2153 422 2209 ruinis
433 2153 549 2229 agmina
561 2165 735 2212 armatorum
750 2153 780 2211 in
802 2153 902 2211 urbem
917 2153 1067 2211 radebant.
1109 2154 1166 2214 Lo-

184 2251 254 2291 cum
268 2252 379 2308 quoque
393 2233 502 2290 editum
517 2233 655 2309 capiunt:
677 2233 845 2308 collatisque
856 2234 892 2290 ed
907 2234 1059 2310 catapultis
1070 2233 1166 2292 ballis-

184 2312 289 2385 tisque,
304 2323 337 2368 ut
359 2312 510 2369 castellum
531 2313 562 2369 in
577 2311 642 2389 ipsi
652 2313 723 2370 urbe
748 2311 825 2370 velut
846 2331 942 2370 arcem
964 2312 1165 2371 imminentem

150 2390 337 2456 eahaberent,
362 2409 444 2448 muro
468 2391 669 2448 circumdant:
698 2401 728 2450 et
750 2392 906 2467 Saguntini
920 2412 1035 2449 murum
1049 2393 1166 2452 interio-

186 2487 249 2525 rem
272 2469 309 2524 ab
324 2468 452 2525 nundum
477 2471 561 2544 capti
576 2470 654 2526 urbis
668 2480 748 2544 parte
763 2471 882 2528 ducunt.
923 2471 1074 2545 Utrimque
1089 2491 1165 2530 sum·

186 2549 235 2604 mal
249 2546 277 2604 vi
291 2557 320 2604 et
334 2547 478 2619 muniunt,
492 2557 522 2604 et
534 2558 683 2623 pugnant:
705 2548 766 2615 sed,
788 2549 924 2605 interiora
941 2551 1059 2616 tuendo,
1074 2551 1165 2609 mino-

186 2645 250 2686 rem
264 2626 294 2684 in
309 2627 372 2683 dies
382 2624 487 2683 'urbem
509 2626 663 2701 Saguntini
678 2627 798 2685 faciunt.
841 2627 933 2686 Simul
947 2627 1054 2684 crescit
1067 2628 1165 2704 inopia

185 2705 317 2765 omniurn
342 2706 427 2782 longa
448 2705 607 2774 obsidione,
630 2716 659 2763 et
679 2705 818 2762 minuitur
836 2705 1015 2780 exspectatio
1038 2716 1164 2768 externe

150 2786 265 2862 soopis;
288 2804 376 2861 quum
398 2796 457 2844 tarn
480 2786 580 2862 procul
605 2784 745 2852 Romani,
760 2784 849 2842 unica
870 2804 944 2860 spes,
966 2785 1043 2844 circei
1065 2789 1164 2848 omnia

186 2865 310 2924 bostium
326 2877 432 2924 essent.
475 2865 624 2940 Paulisper
645 2876 742 2923 tamen
767 2865 884 2922 allectos
898 2863 1009 2922 animos
1023 2869 1163 2930 recrearit

184 2945 337 3021 repentina
350 2945 489 3020 profectio
510 2944 685 3004 Hannibalis
699 2944 729 3001 in
743 2944 886 3002 Oretanos
907 2943 1139 3022 Carpetanosque
1155 2969 1162 3008 :

185 3025 234 3098 qui
247 3025 307 3082 duo
320 3025 427 3100 populi,
443 3024 573 3082 delectus
587 3024 744 3082 acerbitate
758 3022 943 3090 consternati,
960 3026 1079 3082 retentis
1093 3047 1162 3096 con·

185 3103 383 3184 quisitoribus2
397 3114 506 3162 metrum
521 3103 692 3162 desectionis
706 3121 793 3178 quum
815 3103 1012 3178 prebuissent,
1034 3109 1161 3183 oppressi

150 3175 531 3252 ascaleritaleHannihalis
545 3183 704 3246 omiserunt
717 3193 795 3245 mota
807 3200 894 3246 arma.
963 3238 965 3243 .

226 3343 299 3400 XII.
320 3345 387 3402 Nec
412 3345 534 3421 Sagunti
556 3347 732 3424 oppugnatio
753 3347 868 3424 segnior
891 3356 961 3414 erat,
981 3345 1160 3416 Maharbale,

188 3420 366 3479 Himilconis
379 3421 448 3496 silio,
464 3423 545 3500 (eum
558 3426 718 3500 prefecerat
733 3427 895 3503 Hannibal)
911 3426 951 3482 ita
964 3425 1160 3502 impugnarem

188 3509 303 3575 agente,
319 3513 351 3557 ut
364 3503 470 3569 ducem
485 3504 585 3560 abesse
599 3523 655 3561 nec
669 3506 747 3563 cives
763 3525 818 3564 nec
833 3507 928 3562 hostes
941 3505 1088 3560 sentirent.
1130 3501 1161 3562 Is

188 3588 218 3635 et
229 3578 330 3654 proelia
344 3580 450 3654 aliquot
464 3583 591 3640 secunda
606 3582 684 3656 fecit,
697 3595 727 3642 et
746 3585 837 3642 tribus
851 3583 987 3639 arietibus
1001 3580 1160 3652 aliquantu·

151 3657 248 3715 olum
272 3659 346 3715 muri
368 3659 521 3730 discussit;
543 3672 684 3738 strataque
708 3664 806 3721 omnia
829 3659 993 3718 recentibus
1008 3657 1098 3714 ruinis
1113 3659 1162 3718 ad-

187 3737 313 3794 venienti
329 3739 488 3797 Hannibali
501 3742 635 3799 ostendit.
677 3742 778 3817 Itaque
792 3740 828 3796 ad
842 3739 933 3814 ipsam
944 3753 1041 3792 arcem
1052 3747 1161 3798 extem·

186 3815 233 3894 plo
267 3817 372 3877 ductus
395 3820 556 3890 exercitus3
588 3832 724 3895 atroxque
747 3817 880 3895 pro-lium
903 3829 972 3872 cum
1005 3815 1159 3884 multorum

547 3898 603 3961 15*
