<?xml version="1.0" encoding="UTF-8"?>
<!DOCTYPE html PUBLIC "-//W3C//DTD XHTML 1.0 Transitional//EN"
    "http://www.w3.org/TR/xhtml1/DTD/xhtml1-transitional.dtd">
<html xmlns="http://www.w3.org/1999/xhtml" xml:lang="en" lang="en">
 <head>
  <title>
</title>
<meta http-equiv="Content-Type" content="text/html;charset=utf-8" />
  <meta name='ocr-system' content='tesseract 3.04.00' />
  <meta name='ocr-capabilities' content='ocr_page ocr_carea ocr_par ocr_line ocrx_word'/>
</head>
<body>
  <div class='ocr_page' id='page_1' title='image "./historiarumetse03livygoog_0235.png"; bbox 0 0 2520 4310; ppageno 0'>
   <div class='ocr_carea' id='block_1_1' title="bbox 115 267 780 357">
    <p class='ocr_par' dir='ltr' id='par_1_1' title="bbox 115 267 780 357">
     <span class='ocr_line' id='line_1_1' title="bbox 115 267 780 357; baseline -0.005 -14"><span class='ocrx_word' id='word_1_1' title='bbox 115 291 177 357; x_wconf 67' lang='lat' dir='ltr'><strong>aga</strong></span> <span class='ocrx_word' id='word_1_2' title='bbox 203 267 208 276; x_wconf 80' lang='grc'><strong>”</strong></span> <span class='ocrx_word' id='word_1_3' title='bbox 462 335 465 343; x_wconf 79' lang='grc'>.</span> <span class='ocrx_word' id='word_1_4' title='bbox 525 287 598 342; x_wconf 78' lang='grc' dir='ltr'><strong>τιτι</strong></span> <span class='ocrx_word' id='word_1_5' title='bbox 614 285 700 340; x_wconf 82' lang='lat' dir='ltr'><strong>mvn</strong></span> <span class='ocrx_word' id='word_1_6' title='bbox 777 311 780 316; x_wconf 95' lang='lat'>-</span> 
     </span>
    </p>
   </div>
   <div class='ocr_carea' id='block_1_2' title="bbox 108 429 1194 1510">
    <p class='ocr_par' dir='ltr' id='par_1_2' title="bbox 108 429 1194 1510">
     <span class='ocr_line' id='line_1_2' title="bbox 112 429 1098 502; baseline 0.003 -10"><span class='ocrx_word' id='word_1_7' title='bbox 112 451 190 492; x_wconf 87' lang='lat' dir='ltr'><strong>mam</strong></span> <span class='ocrx_word' id='word_1_8' title='bbox 204 441 374 501; x_wconf 77' lang='lat' dir='ltr'><strong>arcessant3</strong></span> <span class='ocrx_word' id='word_1_9' title='bbox 394 430 541 490; x_wconf 87' lang='lat' dir='ltr'><strong>delectum</strong></span> <span class='ocrx_word' id='word_1_10' title='bbox 565 432 671 491; x_wconf 73' lang='lat' dir='ltr'><strong>Rome</strong></span> <span class='ocrx_word' id='word_1_11' title='bbox 695 429 841 502; x_wconf 59' lang='lat' dir='ltr'><strong>habeant}</strong></span> <span class='ocrx_word' id='word_1_12' title='bbox 863 432 1024 492; x_wconf 83' lang='lat' dir='ltr'><strong>exercitum</strong></span> <span class='ocrx_word' id='word_1_13' title='bbox 1049 455 1098 496; x_wconf 91' lang='lat' dir='ltr'><strong>ur·</strong></span> 
     </span>
     <span class='ocr_line' id='line_1_3' title="bbox 112 509 1095 590; baseline 0.003 -21"><span class='ocrx_word' id='word_1_14' title='bbox 112 511 221 569; x_wconf 89' lang='lat' dir='ltr'><strong>barrum</strong></span> <span class='ocrx_word' id='word_1_15' title='bbox 235 511 273 568; x_wconf 89' lang='lat' dir='ltr'><strong>ad</strong></span> <span class='ocrx_word' id='word_1_16' title='bbox 294 509 437 586; x_wconf 76' lang='lat' dir='ltr'><strong>Narniam</strong></span> <span class='ocrx_word' id='word_1_17' title='bbox 461 509 536 588; x_wconf 78' lang='lat' dir='ltr'><strong>boeti</strong></span> <span class='ocrx_word' id='word_1_18' title='bbox 557 521 713 585; x_wconf 89' lang='lat' dir='ltr'><strong>opponant.</strong></span> <span class='ocrx_word' id='word_1_19' title='bbox 755 510 830 568; x_wconf 83' lang='lat' dir='ltr'><strong>Haec</strong></span> <span class='ocrx_word' id='word_1_20' title='bbox 852 512 967 570; x_wconf 85' lang='lat' dir='ltr'><strong>senatui</strong></span> <span class='ocrx_word' id='word_1_21' title='bbox 980 514 1095 590; x_wconf 89' lang='lat' dir='ltr'><strong>scripta.</strong></span> 
     </span>
     <span class='ocr_line' id='line_1_4' title="bbox 112 586 1096 664; baseline 0.003 -16"><span class='ocrx_word' id='word_1_22' title='bbox 112 589 259 648; x_wconf 84' lang='lat' dir='ltr'><strong>Praemissi</strong></span> <span class='ocrx_word' id='word_1_23' title='bbox 283 589 353 649; x_wconf 92' lang='lat' dir='ltr'><strong>item</strong></span> <span class='ocrx_word' id='word_1_24' title='bbox 366 607 418 664; x_wconf 90' lang='lat' dir='ltr'><strong>per</strong></span> <span class='ocrx_word' id='word_1_25' title='bbox 439 607 540 664; x_wconf 83' lang='lat' dir='ltr'><strong>agrum</strong></span> <span class='ocrx_word' id='word_1_26' title='bbox 553 588 733 654; x_wconf 78' lang='lat' dir='ltr'><strong>Larinatem,</strong></span> <span class='ocrx_word' id='word_1_27' title='bbox 748 586 962 657; x_wconf 84' lang='lat' dir='ltr'><strong>Marrucinum,</strong></span> <span class='ocrx_word' id='word_1_28' title='bbox 976 591 1096 651; x_wconf 83' lang='lat' dir='ltr'><strong>Frenta-</strong></span> 
     </span>
     <span class='ocr_line' id='line_1_5' title="bbox 114 666 1095 741; baseline 0.003 -15"><span class='ocrx_word' id='word_1_29' title='bbox 114 685 197 735; x_wconf 87' lang='lat' dir='ltr'><strong>num,</strong></span> <span class='ocrx_word' id='word_1_30' title='bbox 212 667 431 734; x_wconf 79' lang='lat' dir='ltr'><strong>Proetutianum,</strong></span> <span class='ocrx_word' id='word_1_31' title='bbox 445 667 502 741; x_wconf 76' lang='lat' dir='ltr'><strong>qual</strong></span> <span class='ocrx_word' id='word_1_32' title='bbox 525 666 689 724; x_wconf 82' lang='lat' dir='ltr'><strong>exercitum</strong></span> <span class='ocrx_word' id='word_1_33' title='bbox 710 666 851 724; x_wconf 89' lang='lat' dir='ltr'><strong>ducturus</strong></span> <span class='ocrx_word' id='word_1_34' title='bbox 864 677 937 740; x_wconf 89' lang='lat' dir='ltr'><strong>erat,</strong></span> <span class='ocrx_word' id='word_1_35' title='bbox 951 679 984 725; x_wconf 89' lang='lat' dir='ltr'><strong>ut</strong></span> <span class='ocrx_word' id='word_1_36' title='bbox 995 680 1095 730; x_wconf 86' lang='lat' dir='ltr'><strong>om&#39;nes</strong></span> 
     </span>
     <span class='ocr_line' id='line_1_6' title="bbox 112 732 1128 823; baseline 0.004 -19"><span class='ocrx_word' id='word_1_37' title='bbox 112 763 151 804; x_wconf 85' lang='lat' dir='ltr'><strong>ex</strong></span> <span class='ocrx_word' id='word_1_38' title='bbox 163 745 240 823; x_wconf 86' lang='lat' dir='ltr'><strong>agris</strong></span> <span class='ocrx_word' id='word_1_39' title='bbox 254 746 430 819; x_wconf 84' lang='lat' dir='ltr'><strong>urbibusque</strong></span> <span class='ocrx_word' id='word_1_40' title='bbox 444 755 625 802; x_wconf 78' lang='lat' dir='ltr'><strong>commeatus</strong></span> <span class='ocrx_word' id='word_1_41' title='bbox 638 752 752 820; x_wconf 88' lang='lat' dir='ltr'><strong>paratos</strong></span> <span class='ocrx_word' id='word_1_42' title='bbox 767 732 852 801; x_wconf 88' lang='lat' dir='ltr'><strong>militi</strong></span> <span class='ocrx_word' id='word_1_43' title='bbox 866 745 902 802; x_wconf 89' lang='lat' dir='ltr'><strong>ad</strong></span> <span class='ocrx_word' id='word_1_44' title='bbox 917 749 1095 808; x_wconf 87' lang='lat' dir='ltr'><strong>vescendum</strong></span> <span class='ocrx_word' id='word_1_45' title='bbox 1114 759 1128 798; x_wconf 66' lang='grc' dir='ltr'>ὅ</span> 
     </span>
     <span class='ocr_line' id='line_1_7' title="bbox 112 822 1096 902; baseline 0.003 -20"><span class='ocrx_word' id='word_1_46' title='bbox 112 824 144 882; x_wconf 94' lang='lat' dir='ltr'><strong>in</strong></span> <span class='ocrx_word' id='word_1_47' title='bbox 157 825 232 882; x_wconf 85' lang='lat' dir='ltr'><strong>viam</strong></span> <span class='ocrx_word' id='word_1_48' title='bbox 254 825 410 902; x_wconf 41' lang='lat' dir='ltr'><strong>delaee-rrent,</strong></span> <span class='ocrx_word' id='word_1_49' title='bbox 435 841 524 898; x_wconf 84' lang='lat' dir='ltr'><strong>equos</strong></span> <span class='ocrx_word' id='word_1_50' title='bbox 545 824 735 898; x_wconf 85' lang='lat' dir='ltr'><strong>jumentaque</strong></span> <span class='ocrx_word' id='word_1_51' title='bbox 760 822 816 879; x_wconf 87' lang='lat' dir='ltr'><strong>alia</strong></span> <span class='ocrx_word' id='word_1_52' title='bbox 839 824 1044 899; x_wconf 82' lang='lat' dir='ltr'><strong>producerent,</strong></span> <span class='ocrx_word' id='word_1_53' title='bbox 1064 838 1096 886; x_wconf 91' lang='lat' dir='ltr'><strong>ut</strong></span> 
     </span>
     <span class='ocr_line' id='line_1_8' title="bbox 113 900 1096 977; baseline 0.003 -17"><span class='ocrx_word' id='word_1_54' title='bbox 113 903 315 962; x_wconf 85' lang='lat' dir='ltr'><strong>vehiculorum</strong></span> <span class='ocrx_word' id='word_1_55' title='bbox 339 901 422 960; x_wconf 86' lang='lat' dir='ltr'><strong>fessis</strong></span> <span class='ocrx_word' id='word_1_56' title='bbox 445 901 529 977; x_wconf 89' lang='lat' dir='ltr'><strong>copia</strong></span> <span class='ocrx_word' id='word_1_57' title='bbox 542 911 628 959; x_wconf 90' lang='lat' dir='ltr'><strong>esset.</strong></span> <span class='ocrx_word' id='word_1_58' title='bbox 670 901 738 976; x_wconf 90' lang='lat' dir='ltr'><strong>lpse</strong></span> <span class='ocrx_word' id='word_1_59' title='bbox 752 900 788 956; x_wconf 91' lang='lat' dir='ltr'><strong>de</strong></span> <span class='ocrx_word' id='word_1_60' title='bbox 802 910 862 959; x_wconf 80' lang='lat' dir='ltr'><strong>toto</strong></span> <span class='ocrx_word' id='word_1_61' title='bbox 883 903 1014 961; x_wconf 87' lang='lat' dir='ltr'><strong>exercitu</strong></span> <span class='ocrx_word' id='word_1_62' title='bbox 1027 905 1096 964; x_wconf 88' lang='lat' dir='ltr'><strong>civi-</strong></span> 
     </span>
     <span class='ocr_line' id='line_1_9' title="bbox 112 978 1095 1060; baseline -0.001 -18"><span class='ocrx_word' id='word_1_63' title='bbox 112 999 163 1042; x_wconf 89' lang='lat' dir='ltr'><strong>um</strong></span> <span class='ocrx_word' id='word_1_64' title='bbox 177 981 387 1060; x_wconf 77' lang='lat' dir='ltr'><strong>sociorumqpe,</strong></span> <span class='ocrx_word' id='word_1_65' title='bbox 403 980 479 1054; x_wconf 89' lang='lat' dir='ltr'><strong>quod</strong></span> <span class='ocrx_word' id='word_1_66' title='bbox 493 978 605 1038; x_wconf 88' lang='lat' dir='ltr'><strong>roboris</strong></span> <span class='ocrx_word' id='word_1_67' title='bbox 619 989 691 1052; x_wconf 86' lang='lat' dir='ltr'><strong>erat,</strong></span> <span class='ocrx_word' id='word_1_68' title='bbox 711 978 829 1055; x_wconf 89' lang='lat' dir='ltr'><strong>delegit,</strong></span> <span class='ocrx_word' id='word_1_69' title='bbox 844 998 897 1037; x_wconf 83' lang='lat' dir='ltr'><strong>sex</strong></span> <span class='ocrx_word' id='word_1_70' title='bbox 912 981 1002 1038; x_wconf 88' lang='lat' dir='ltr'><strong>millia</strong></span> <span class='ocrx_word' id='word_1_71' title='bbox 1014 985 1095 1058; x_wconf 91' lang='lat' dir='ltr'><strong>pedi·</strong></span> 
     </span>
     <span class='ocr_line' id='line_1_10' title="bbox 112 1058 1093 1134; baseline 0.001 -15"><span class='ocrx_word' id='word_1_72' title='bbox 112 1070 184 1129; x_wconf 87' lang='lat' dir='ltr'><strong>turn,</strong></span> <span class='ocrx_word' id='word_1_73' title='bbox 209 1059 287 1116; x_wconf 89' lang='lat' dir='ltr'><strong>mille</strong></span> <span class='ocrx_word' id='word_1_74' title='bbox 312 1058 445 1134; x_wconf 76' lang='lat' dir='ltr'><strong>equites:</strong></span> <span class='ocrx_word' id='word_1_75' title='bbox 476 1058 653 1133; x_wconf 84' lang='lat' dir='ltr'><strong>pronuntiat,</strong></span> <span class='ocrx_word' id='word_1_76' title='bbox 677 1075 822 1132; x_wconf 84' lang='lat' dir='ltr'><strong>occupare</strong></span> <span class='ocrx_word' id='word_1_77' title='bbox 850 1076 881 1116; x_wconf 89' lang='lat' dir='ltr'><strong>se</strong></span> <span class='ocrx_word' id='word_1_78' title='bbox 910 1059 940 1116; x_wconf 91' lang='lat' dir='ltr'><strong>in</strong></span> <span class='ocrx_word' id='word_1_79' title='bbox 964 1059 1093 1120; x_wconf 85' lang='lat' dir='ltr'><strong>Lucanis</strong></span> 
     </span>
     <span class='ocr_line' id='line_1_11' title="bbox 108 1135 1194 1216; baseline 0 -20"><span class='ocrx_word' id='word_1_80' title='bbox 108 1139 269 1216; x_wconf 80' lang='lat' dir='ltr'><strong>proximam</strong></span> <span class='ocrx_word' id='word_1_81' title='bbox 282 1137 387 1194; x_wconf 91' lang='lat' dir='ltr'><strong>urbem.</strong></span> <span class='ocrx_word' id='word_1_82' title='bbox 397 1135 599 1210; x_wconf 90' lang='lat' dir='ltr'><strong>Punicumque</strong></span> <span class='ocrx_word' id='word_1_83' title='bbox 613 1136 643 1192; x_wconf 94' lang='lat' dir='ltr'><strong>in</strong></span> <span class='ocrx_word' id='word_1_84' title='bbox 657 1136 694 1193; x_wconf 78' lang='lat' dir='ltr'><strong>eti</strong></span> <span class='ocrx_word' id='word_1_85' title='bbox 708 1136 876 1210; x_wconf 70' lang='lat' dir='ltr'><strong>presidium</strong></span> <span class='ocrx_word' id='word_1_86' title='bbox 893 1137 985 1207; x_wconf 80' lang='lat' dir='ltr'><strong>relle3</strong></span> <span class='ocrx_word' id='word_1_87' title='bbox 1008 1151 1039 1196; x_wconf 87' lang='lat' dir='ltr'><strong>ut</strong></span> <span class='ocrx_word' id='word_1_88' title='bbox 1053 1141 1092 1198; x_wconf 87' lang='lat' dir='ltr'><strong>ad</strong></span> <span class='ocrx_word' id='word_1_89' title='bbox 1105 1155 1128 1196; x_wconf 87' lang='lat' dir='ltr'><strong>ro</strong></span> <span class='ocrx_word' id='word_1_90' title='bbox 1189 1171 1194 1184; x_wconf 59' lang='grc' dir='ltr'>ι</span> 
     </span>
     <span class='ocr_line' id='line_1_12' title="bbox 110 1213 1092 1292; baseline 0.001 -17"><span class='ocrx_word' id='word_1_91' title='bbox 110 1217 165 1275; x_wconf 87' lang='lat' dir='ltr'><strong>iter</strong></span> <span class='ocrx_word' id='word_1_92' title='bbox 177 1216 268 1292; x_wconf 86' lang='lat' dir='ltr'><strong>parati</strong></span> <span class='ocrx_word' id='word_1_93' title='bbox 281 1234 383 1275; x_wconf 88' lang='lat' dir='ltr'><strong>omnes</strong></span> <span class='ocrx_word' id='word_1_94' title='bbox 396 1224 501 1272; x_wconf 78' lang='lat' dir='ltr'><strong>essent.</strong></span> <span class='ocrx_word' id='word_1_95' title='bbox 542 1213 693 1272; x_wconf 83' lang='lat' dir='ltr'><strong>Profectus</strong></span> <span class='ocrx_word' id='word_1_96' title='bbox 706 1225 792 1272; x_wconf 89' lang='lat' dir='ltr'><strong>nocte</strong></span> <span class='ocrx_word' id='word_1_97' title='bbox 808 1215 886 1272; x_wconf 86' lang='lat' dir='ltr'><strong>flexit</strong></span> <span class='ocrx_word' id='word_1_98' title='bbox 897 1215 928 1272; x_wconf 92' lang='lat' dir='ltr'><strong>in</strong></span> <span class='ocrx_word' id='word_1_99' title='bbox 939 1215 1092 1276; x_wconf 90' lang='lat' dir='ltr'><strong>Picenum.</strong></span> 
     </span>
     <span class='ocr_line' id='line_1_13' title="bbox 113 1293 1093 1369; baseline 0 -15"><span class='ocrx_word' id='word_1_100' title='bbox 113 1294 153 1354; x_wconf 85' lang='lat' dir='ltr'><strong>Et</strong></span> <span class='ocrx_word' id='word_1_101' title='bbox 174 1294 279 1353; x_wconf 87' lang='lat' dir='ltr'><strong>consul</strong></span> <span class='ocrx_word' id='word_1_102' title='bbox 302 1294 430 1369; x_wconf 87' lang='lat' dir='ltr'><strong>quidem,</strong></span> <span class='ocrx_word' id='word_1_103' title='bbox 450 1293 564 1368; x_wconf 88' lang='lat' dir='ltr'><strong>quantis</strong></span> <span class='ocrx_word' id='word_1_104' title='bbox 585 1293 719 1350; x_wconf 80' lang='lat' dir='ltr'><strong>maximis</strong></span> <span class='ocrx_word' id='word_1_105' title='bbox 740 1293 892 1351; x_wconf 85' lang='lat' dir='ltr'><strong>itineribus</strong></span> <span class='ocrx_word' id='word_1_106' title='bbox 914 1304 1034 1369; x_wconf 84' lang='lat' dir='ltr'><strong>poterat,</strong></span> <span class='ocrx_word' id='word_1_107' title='bbox 1055 1297 1093 1354; x_wconf 86' lang='lat' dir='ltr'><strong>ad</strong></span> 
     </span>
     <span class='ocr_line' id='line_1_14' title="bbox 113 1371 1094 1450; baseline 0 -18"><span class='ocrx_word' id='word_1_108' title='bbox 113 1373 259 1450; x_wconf 85' lang='lat' dir='ltr'><strong>collegam</strong></span> <span class='ocrx_word' id='word_1_109' title='bbox 280 1372 417 1446; x_wconf 86' lang='lat' dir='ltr'><strong>ducebat,</strong></span> <span class='ocrx_word' id='word_1_110' title='bbox 437 1371 538 1431; x_wconf 91' lang='lat' dir='ltr'><strong>relicto</strong></span> <span class='ocrx_word' id='word_1_111' title='bbox 558 1371 599 1434; x_wconf 83' lang='lat' dir='ltr'><strong>Q.</strong></span> <span class='ocrx_word' id='word_1_112' title='bbox 614 1371 699 1430; x_wconf 90' lang='lat' dir='ltr'><strong>Catio</strong></span> <span class='ocrx_word' id='word_1_113' title='bbox 719 1371 824 1449; x_wconf 80' lang='lat' dir='ltr'><strong>legato,</strong></span> <span class='ocrx_word' id='word_1_114' title='bbox 838 1372 887 1450; x_wconf 91' lang='lat' dir='ltr'><strong>qui</strong></span> <span class='ocrx_word' id='word_1_115' title='bbox 909 1373 1010 1432; x_wconf 85' lang='lat' dir='ltr'><strong>castris</strong></span> <span class='ocrx_word' id='word_1_116' title='bbox 1022 1392 1094 1450; x_wconf 74' lang='lat' dir='ltr'><strong>pro·</strong></span> 
     </span>
     <span class='ocr_line' id='line_1_15' title="bbox 113 1462 198 1510; baseline -0.012 0"><span class='ocrx_word' id='word_1_117' title='bbox 113 1462 198 1510; x_wconf 75' lang='lat' dir='ltr'><strong>esset.</strong></span> 
     </span>
    </p>
   </div>
   <div class='ocr_carea' id='block_1_3' title="bbox 113 1606 1127 2313">
    <p class='ocr_par' dir='ltr' id='par_1_3' title="bbox 113 1606 1127 2313">
     <span class='ocr_line' id='line_1_16' title="bbox 141 1606 1127 1685; baseline -0.007 -16"><span class='ocrx_word' id='word_1_118' title='bbox 141 1607 253 1670; x_wconf 85' lang='lat' dir='ltr'><strong>XLIV.</strong></span> <span class='ocrx_word' id='word_1_119' title='bbox 274 1608 380 1669; x_wconf 68' lang='lat' dir='ltr'><strong>Rornae</strong></span> <span class='ocrx_word' id='word_1_120' title='bbox 393 1608 471 1668; x_wconf 90' lang='lat' dir='ltr'><strong>haud</strong></span> <span class='ocrx_word' id='word_1_121' title='bbox 485 1606 580 1667; x_wconf 80' lang='lat' dir='ltr'><strong>minis</strong></span> <span class='ocrx_word' id='word_1_122' title='bbox 593 1608 710 1666; x_wconf 90' lang='lat' dir='ltr'><strong>terroris</strong></span> <span class='ocrx_word' id='word_1_123' title='bbox 723 1627 759 1666; x_wconf 90' lang='lat' dir='ltr'><strong>ac</strong></span> <span class='ocrx_word' id='word_1_124' title='bbox 772 1609 912 1666; x_wconf 80' lang='lat' dir='ltr'><strong>tumultds</strong></span> <span class='ocrx_word' id='word_1_125' title='bbox 922 1619 992 1677; x_wconf 87' lang='lat' dir='ltr'><strong>erat,</strong></span> <span class='ocrx_word' id='word_1_126' title='bbox 1006 1607 1093 1685; x_wconf 75' lang='lat' dir='ltr'><strong>quim</strong></span> <span class='ocrx_word' id='word_1_127' title='bbox 1103 1621 1127 1662; x_wconf 86' lang='lat' dir='ltr'><strong>rs</strong></span> 
     </span>
     <span class='ocr_line' id='line_1_17' title="bbox 113 1687 1093 1767; baseline 0 -20"><span class='ocrx_word' id='word_1_128' title='bbox 113 1687 206 1748; x_wconf 86' lang='lat' dir='ltr'><strong>suerat</strong></span> <span class='ocrx_word' id='word_1_129' title='bbox 220 1689 337 1747; x_wconf 88' lang='lat' dir='ltr'><strong>biennio</strong></span> <span class='ocrx_word' id='word_1_130' title='bbox 355 1688 432 1757; x_wconf 70' lang='lat' dir='ltr'><strong>ante,</strong></span> <span class='ocrx_word' id='word_1_131' title='bbox 453 1706 542 1762; x_wconf 90' lang='lat' dir='ltr'><strong>quum</strong></span> <span class='ocrx_word' id='word_1_132' title='bbox 562 1698 657 1745; x_wconf 87' lang='lat' dir='ltr'><strong>castra</strong></span> <span class='ocrx_word' id='word_1_133' title='bbox 678 1687 793 1767; x_wconf 82' lang='lat' dir='ltr'><strong>Punica</strong></span> <span class='ocrx_word' id='word_1_134' title='bbox 812 1688 927 1764; x_wconf 87' lang='lat' dir='ltr'><strong>objecta</strong></span> <span class='ocrx_word' id='word_1_135' title='bbox 950 1687 1093 1747; x_wconf 88' lang='lat' dir='ltr'><strong>Romanis</strong></span> 
     </span>
     <span class='ocr_line' id='line_1_18' title="bbox 114 1766 1092 1844; baseline -0.003 -18"><span class='ocrx_word' id='word_1_136' title='bbox 114 1768 261 1826; x_wconf 89' lang='lat' dir='ltr'><strong>moenibus</strong></span> <span class='ocrx_word' id='word_1_137' title='bbox 273 1768 418 1844; x_wconf 88' lang='lat' dir='ltr'><strong>portisque</strong></span> <span class='ocrx_word' id='word_1_138' title='bbox 442 1766 571 1824; x_wconf 89' lang='lat' dir='ltr'><strong>fuerant:</strong></span> <span class='ocrx_word' id='word_1_139' title='bbox 592 1785 687 1841; x_wconf 89' lang='lat' dir='ltr'><strong>neque</strong></span> <span class='ocrx_word' id='word_1_140' title='bbox 712 1766 781 1823; x_wconf 87' lang='lat' dir='ltr'><strong>satis</strong></span> <span class='ocrx_word' id='word_1_141' title='bbox 804 1767 955 1825; x_wconf 85' lang='lat' dir='ltr'><strong>constabat</strong></span> <span class='ocrx_word' id='word_1_142' title='bbox 977 1767 1092 1834; x_wconf 90' lang='lat' dir='ltr'><strong>animis,</strong></span> 
     </span>
     <span class='ocr_line' id='line_1_19' title="bbox 113 1844 1092 1920; baseline -0.002 -16"><span class='ocrx_word' id='word_1_143' title='bbox 113 1856 173 1904; x_wconf 89' lang='lat' dir='ltr'><strong>tarn</strong></span> <span class='ocrx_word' id='word_1_144' title='bbox 188 1848 284 1904; x_wconf 77' lang='lat' dir='ltr'><strong>audax</strong></span> <span class='ocrx_word' id='word_1_145' title='bbox 297 1845 351 1904; x_wconf 88' lang='lat' dir='ltr'><strong>iter</strong></span> <span class='ocrx_word' id='word_1_146' title='bbox 365 1845 492 1905; x_wconf 87' lang='lat' dir='ltr'><strong>consulis</strong></span> <span class='ocrx_word' id='word_1_147' title='bbox 515 1845 667 1903; x_wconf 86' lang='lat' dir='ltr'><strong>laudarent</strong></span> <span class='ocrx_word' id='word_1_148' title='bbox 680 1844 921 1920; x_wconf 86' lang='lat' dir='ltr'><strong>vituperarentne.</strong></span> <span class='ocrx_word' id='word_1_149' title='bbox 962 1844 1092 1919; x_wconf 83' lang='lat' dir='ltr'><strong>Appare-</strong></span> 
     </span>
     <span class='ocr_line' id='line_1_20' title="bbox 113 1923 1089 2003; baseline -0.002 -20"><span class='ocrx_word' id='word_1_150' title='bbox 113 1924 163 1983; x_wconf 85' lang='lat' dir='ltr'><strong>bat</strong></span> <span class='ocrx_word' id='word_1_151' title='bbox 176 1924 246 2001; x_wconf 93' lang='lat' dir='ltr'><strong>(quo</strong></span> <span class='ocrx_word' id='word_1_152' title='bbox 269 1925 342 1982; x_wconf 90' lang='lat' dir='ltr'><strong>nihil</strong></span> <span class='ocrx_word' id='word_1_153' title='bbox 366 1924 492 1999; x_wconf 89' lang='lat' dir='ltr'><strong>iniquius</strong></span> <span class='ocrx_word' id='word_1_154' title='bbox 514 1928 572 2003; x_wconf 86' lang='lat' dir='ltr'><strong>est)</strong></span> <span class='ocrx_word' id='word_1_155' title='bbox 597 1942 634 1980; x_wconf 89' lang='lat' dir='ltr'><strong>ex</strong></span> <span class='ocrx_word' id='word_1_156' title='bbox 657 1934 764 1980; x_wconf 90' lang='lat' dir='ltr'><strong>eventu</strong></span> <span class='ocrx_word' id='word_1_157' title='bbox 786 1923 891 1990; x_wconf 83' lang='lat' dir='ltr'><strong>famam</strong></span> <span class='ocrx_word' id='word_1_158' title='bbox 914 1923 1089 1981; x_wconf 88' lang='lat' dir='ltr'><strong>habiturum.</strong></span> 
     </span>
     <span class='ocr_line' id='line_1_21' title="bbox 116 2001 1127 2080; baseline -0.002 -20"><span class='ocrx_word' id='word_1_159' title='bbox 116 2011 135 2040; x_wconf 79' lang='lat'><strong>‘⁴</strong></span> <span class='ocrx_word' id='word_1_160' title='bbox 145 2003 248 2060; x_wconf 82' lang='lat' dir='ltr'><strong>Castra</strong></span> <span class='ocrx_word' id='word_1_161' title='bbox 260 2022 348 2080; x_wconf 89' lang='lat' dir='ltr'><strong>prope</strong></span> <span class='ocrx_word' id='word_1_162' title='bbox 374 2001 570 2061; x_wconf 88' lang='lat' dir='ltr'><strong>Hannibalem</strong></span> <span class='ocrx_word' id='word_1_163' title='bbox 595 2003 705 2059; x_wconf 87' lang='lat' dir='ltr'><strong>hostem</strong></span> <span class='ocrx_word' id='word_1_164' title='bbox 728 2002 829 2061; x_wconf 88' lang='lat' dir='ltr'><strong>relicta</strong></span> <span class='ocrx_word' id='word_1_165' title='bbox 843 2001 906 2059; x_wconf 90' lang='lat' dir='ltr'><strong>sine</strong></span> <span class='ocrx_word' id='word_1_166' title='bbox 921 2001 1008 2069; x_wconf 90' lang='lat' dir='ltr'><strong>duce,</strong></span> <span class='ocrx_word' id='word_1_167' title='bbox 1022 2019 1091 2058; x_wconf 91' lang='lat' dir='ltr'><strong>cum</strong></span> <span class='ocrx_word' id='word_1_168' title='bbox 1101 2011 1127 2052; x_wconf 59' lang='grc' dir='ltr'>ω</span> 
     </span>
     <span class='ocr_line' id='line_1_22' title="bbox 118 2079 1091 2156; baseline 0 -18"><span class='ocrx_word' id='word_1_169' title='bbox 118 2089 137 2118; x_wconf 85' lang='grc'>“</span> <span class='ocrx_word' id='word_1_170' title='bbox 150 2082 289 2149; x_wconf 82' lang='lat' dir='ltr'><strong>exercitu,</strong></span> <span class='ocrx_word' id='word_1_171' title='bbox 314 2081 363 2138; x_wconf 93' lang='lat' dir='ltr'><strong>cui</strong></span> <span class='ocrx_word' id='word_1_172' title='bbox 387 2082 548 2139; x_wconf 87' lang='lat' dir='ltr'><strong>detractum</strong></span> <span class='ocrx_word' id='word_1_173' title='bbox 570 2080 643 2138; x_wconf 83' lang='lat' dir='ltr'><strong>soret</strong></span> <span class='ocrx_word' id='word_1_174' title='bbox 665 2099 761 2148; x_wconf 89' lang='lat' dir='ltr'><strong>omne,</strong></span> <span class='ocrx_word' id='word_1_175' title='bbox 783 2081 860 2156; x_wconf 93' lang='lat' dir='ltr'><strong>quod</strong></span> <span class='ocrx_word' id='word_1_176' title='bbox 881 2080 1002 2153; x_wconf 88' lang='lat' dir='ltr'><strong>roboris,</strong></span> <span class='ocrx_word' id='word_1_177' title='bbox 1014 2079 1091 2155; x_wconf 91' lang='lat' dir='ltr'><strong>quod</strong></span> 
     </span>
     <span class='ocr_line' id='line_1_23' title="bbox 118 2157 1092 2232; baseline -0.003 -14"><span class='ocrx_word' id='word_1_178' title='bbox 118 2167 138 2196; x_wconf 90' lang='lat'><strong>“</strong></span> <span class='ocrx_word' id='word_1_179' title='bbox 151 2159 228 2218; x_wconf 79' lang='lat' dir='ltr'><strong>floris</strong></span> <span class='ocrx_word' id='word_1_180' title='bbox 241 2159 343 2230; x_wconf 84' lang='lat' dir='ltr'><strong>fuerit3</strong></span> <span class='ocrx_word' id='word_1_181' title='bbox 355 2169 384 2216; x_wconf 87' lang='lat' dir='ltr'><strong>et</strong></span> <span class='ocrx_word' id='word_1_182' title='bbox 397 2159 546 2217; x_wconf 87' lang='lat' dir='ltr'><strong>consulem</strong></span> <span class='ocrx_word' id='word_1_183' title='bbox 561 2158 591 2216; x_wconf 92' lang='lat' dir='ltr'><strong>in</strong></span> <span class='ocrx_word' id='word_1_184' title='bbox 604 2157 740 2217; x_wconf 89' lang='lat' dir='ltr'><strong>Lucanos</strong></span> <span class='ocrx_word' id='word_1_185' title='bbox 753 2159 913 2218; x_wconf 84' lang='lat' dir='ltr'><strong>ostendisse</strong></span> <span class='ocrx_word' id='word_1_186' title='bbox 926 2159 991 2232; x_wconf 88' lang='lat' dir='ltr'><strong>iter,</strong></span> <span class='ocrx_word' id='word_1_187' title='bbox 1002 2177 1092 2232; x_wconf 91' lang='lat' dir='ltr'><strong>quum</strong></span> 
     </span>
     <span class='ocr_line' id='line_1_24' title="bbox 115 2236 1093 2313; baseline -0.002 -17"><span class='ocrx_word' id='word_1_188' title='bbox 115 2238 288 2296; x_wconf 87' lang='lat' dir='ltr'><strong>“Picenum</strong></span> <span class='ocrx_word' id='word_1_189' title='bbox 308 2248 337 2297; x_wconf 87' lang='lat' dir='ltr'><strong>et</strong></span> <span class='ocrx_word' id='word_1_190' title='bbox 357 2236 482 2296; x_wconf 87' lang='lat' dir='ltr'><strong>Galliam</strong></span> <span class='ocrx_word' id='word_1_191' title='bbox 505 2248 627 2313; x_wconf 87' lang='lat' dir='ltr'><strong>peteret,</strong></span> <span class='ocrx_word' id='word_1_192' title='bbox 652 2248 747 2296; x_wconf 88' lang='lat' dir='ltr'><strong>castra</strong></span> <span class='ocrx_word' id='word_1_193' title='bbox 771 2237 981 2310; x_wconf 91' lang='lat' dir='ltr'><strong>relinquentem</strong></span> <span class='ocrx_word' id='word_1_194' title='bbox 1009 2236 1093 2294; x_wconf 66' lang='lat' dir='ltr'><strong>nullia</strong></span> 
     </span>
    </p>
   </div>
   <div class='ocr_carea' id='block_1_4' title="bbox 20 2310 1092 2391">
    <p class='ocr_par' dir='ltr' id='par_1_4' title="bbox 20 2310 1092 2391">
     <span class='ocr_line' id='line_1_25' title="bbox 20 2310 1092 2391; baseline -0.005 -17"><span class='ocrx_word' id='word_1_195' title='bbox 20 2365 25 2374; x_wconf 89' lang='lat'><em>.</em></span> <span class='ocrx_word' id='word_1_196' title='bbox 116 2320 136 2349; x_wconf 89' lang='lat'><strong>“</strong></span> <span class='ocrx_word' id='word_1_197' title='bbox 143 2310 203 2374; x_wconf 80' lang='lat' dir='ltr'><strong>&#39;alia</strong></span> <span class='ocrx_word' id='word_1_198' title='bbox 217 2336 248 2374; x_wconf 88' lang='lat' dir='ltr'><strong>re</strong></span> <span class='ocrx_word' id='word_1_199' title='bbox 272 2317 386 2389; x_wconf 90' lang='lat' dir='ltr'><strong>tutiora,</strong></span> <span class='ocrx_word' id='word_1_200' title='bbox 400 2315 486 2391; x_wconf 77' lang='lat' dir='ltr'><strong>qudm</strong></span> <span class='ocrx_word' id='word_1_201' title='bbox 511 2335 606 2374; x_wconf 85' lang='lat' dir='ltr'><strong>errore</strong></span> <span class='ocrx_word' id='word_1_202' title='bbox 621 2317 720 2384; x_wconf 80' lang='lat' dir='ltr'><strong>hostis,</strong></span> <span class='ocrx_word' id='word_1_203' title='bbox 740 2315 789 2391; x_wconf 92' lang='lat' dir='ltr'><strong>qui</strong></span> <span class='ocrx_word' id='word_1_204' title='bbox 802 2316 906 2372; x_wconf 91' lang='lat' dir='ltr'><strong>ducem</strong></span> <span class='ocrx_word' id='word_1_205' title='bbox 921 2314 990 2371; x_wconf 92' lang='lat' dir='ltr'><strong>inde</strong></span> <span class='ocrx_word' id='word_1_206' title='bbox 1005 2323 1092 2388; x_wconf 85' lang='lat' dir='ltr'><strong>atque</strong></span> 
     </span>
    </p>
   </div>
   <div class='ocr_carea' id='block_1_5' title="bbox 115 2392 1149 3810">
    <p class='ocr_par' dir='ltr' id='par_1_5' title="bbox 116 2392 1127 2551">
     <span class='ocr_line' id='line_1_26' title="bbox 118 2392 1127 2472; baseline -0.009 -19"><span class='ocrx_word' id='word_1_207' title='bbox 118 2395 293 2454; x_wconf 75' lang='lat' dir='ltr'><strong>“exercitas</strong></span> <span class='ocrx_word' id='word_1_208' title='bbox 313 2406 424 2472; x_wconf 89' lang='lat' dir='ltr'><strong>partem</strong></span> <span class='ocrx_word' id='word_1_209' title='bbox 447 2395 548 2453; x_wconf 89' lang='lat' dir='ltr'><strong>abesse</strong></span> <span class='ocrx_word' id='word_1_210' title='bbox 572 2395 726 2471; x_wconf 86' lang='lat' dir='ltr'><strong>ignoraret.</strong></span> <span class='ocrx_word' id='word_1_211' title='bbox 766 2393 849 2455; x_wconf 77' lang='lat' dir='ltr'><strong>Quid</strong></span> <span class='ocrx_word' id='word_1_212' title='bbox 861 2392 1008 2460; x_wconf 84' lang='lat' dir='ltr'><strong>¹futurum,</strong></span> <span class='ocrx_word' id='word_1_213' title='bbox 1023 2392 1048 2450; x_wconf 90' lang='lat' dir='ltr'><strong>si</strong></span> <span class='ocrx_word' id='word_1_214' title='bbox 1062 2392 1127 2450; x_wconf 78' lang='lat' dir='ltr'><strong>idas</strong></span> 
     </span>
     <span class='ocr_line' id='line_1_27' title="bbox 116 2471 1092 2551; baseline -0.005 -18"><span class='ocrx_word' id='word_1_215' title='bbox 116 2483 136 2512; x_wconf 89' lang='grc'>“</span> <span class='ocrx_word' id='word_1_216' title='bbox 146 2473 242 2551; x_wconf 71' lang='lat' dir='ltr'><strong>palam</strong></span> <span class='ocrx_word' id='word_1_217' title='bbox 256 2474 326 2532; x_wconf 82' lang='lat' dir='ltr'><strong>fiatt</strong></span> <span class='ocrx_word' id='word_1_218' title='bbox 348 2486 378 2532; x_wconf 92' lang='lat' dir='ltr'><strong>et</strong></span> <span class='ocrx_word' id='word_1_219' title='bbox 400 2483 450 2532; x_wconf 90' lang='lat' dir='ltr'><strong>aut</strong></span> <span class='ocrx_word' id='word_1_220' title='bbox 463 2473 575 2549; x_wconf 89' lang='lat' dir='ltr'><strong>insequi</strong></span> <span class='ocrx_word' id='word_1_221' title='bbox 589 2474 748 2544; x_wconf 85' lang='lat' dir='ltr'><strong>Neronem,</strong></span> <span class='ocrx_word' id='word_1_222' title='bbox 763 2491 830 2530; x_wconf 93' lang='lat' dir='ltr'><strong>cum</strong></span> <span class='ocrx_word' id='word_1_223' title='bbox 844 2491 895 2528; x_wconf 83' lang='lat' dir='ltr'><strong>sex</strong></span> <span class='ocrx_word' id='word_1_224' title='bbox 908 2471 1036 2544; x_wconf 90' lang='lat' dir='ltr'><strong>millibus</strong></span> <span class='ocrx_word' id='word_1_225' title='bbox 1048 2489 1092 2528; x_wconf 88' lang='lat' dir='ltr'><strong>ar·</strong></span> 
     </span>
    </p>

    <p class='ocr_par' dir='ltr' id='par_1_6' title="bbox 115 2550 1149 3181">
     <span class='ocr_line' id='line_1_28' title="bbox 117 2550 1092 2631; baseline -0.006 -19"><span class='ocrx_word' id='word_1_226' title='bbox 117 2558 136 2586; x_wconf 76' lang='lat'><strong>‘¹</strong></span> <span class='ocrx_word' id='word_1_227' title='bbox 148 2565 289 2614; x_wconf 86' lang='lat' dir='ltr'><strong>matorum</strong></span> <span class='ocrx_word' id='word_1_228' title='bbox 303 2555 474 2631; x_wconf 83' lang='lat' dir='ltr'><strong>profectum,</strong></span> <span class='ocrx_word' id='word_1_229' title='bbox 488 2553 637 2611; x_wconf 89' lang='lat' dir='ltr'><strong>Hannibal</strong></span> <span class='ocrx_word' id='word_1_230' title='bbox 658 2563 718 2621; x_wconf 79' lang='lat' dir='ltr'><strong>toto</strong></span> <span class='ocrx_word' id='word_1_231' title='bbox 730 2551 860 2609; x_wconf 82' lang='lat' dir='ltr'><strong>exercitu</strong></span> <span class='ocrx_word' id='word_1_232' title='bbox 874 2550 951 2618; x_wconf 91' lang='lat' dir='ltr'><strong>velit,</strong></span> <span class='ocrx_word' id='word_1_233' title='bbox 967 2559 1017 2606; x_wconf 89' lang='lat' dir='ltr'><strong>aut</strong></span> <span class='ocrx_word' id='word_1_234' title='bbox 1029 2567 1092 2606; x_wconf 85' lang='lat' dir='ltr'><strong>cas·</strong></span> 
     </span>
     <span class='ocr_line' id='line_1_29' title="bbox 116 2627 1090 2709; baseline -0.008 -17"><span class='ocrx_word' id='word_1_235' title='bbox 116 2637 192 2693; x_wconf 87' lang='lat' dir='ltr'><strong>“tra</strong></span> <span class='ocrx_word' id='word_1_236' title='bbox 214 2635 362 2702; x_wconf 88' lang='lat' dir='ltr'><strong>invadere,</strong></span> <span class='ocrx_word' id='word_1_237' title='bbox 383 2632 487 2709; x_wconf 78' lang='lat' dir='ltr'><strong>praedae</strong></span> <span class='ocrx_word' id='word_1_238' title='bbox 512 2632 624 2708; x_wconf 88' lang='lat' dir='ltr'><strong>relicta,</strong></span> <span class='ocrx_word' id='word_1_239' title='bbox 648 2631 711 2688; x_wconf 90' lang='lat' dir='ltr'><strong>sine</strong></span> <span class='ocrx_word' id='word_1_240' title='bbox 734 2630 851 2699; x_wconf 86' lang='lat' dir='ltr'><strong>viribus,</strong></span> <span class='ocrx_word' id='word_1_241' title='bbox 873 2628 936 2685; x_wconf 87' lang='lat' dir='ltr'><strong>sine</strong></span> <span class='ocrx_word' id='word_1_242' title='bbox 960 2627 1090 2702; x_wconf 88' lang='lat' dir='ltr'><strong>imperio,</strong></span> 
     </span>
     <span class='ocr_line' id='line_1_30' title="bbox 118 2705 1091 2791; baseline -0.009 -20"><span class='ocrx_word' id='word_1_243' title='bbox 118 2721 138 2750; x_wconf 73' lang='lat'><strong>‘⁸</strong></span> <span class='ocrx_word' id='word_1_244' title='bbox 150 2713 213 2770; x_wconf 90' lang='lat' dir='ltr'><strong>sine</strong></span> <span class='ocrx_word' id='word_1_245' title='bbox 227 2712 356 2791; x_wconf 61' lang='lat' dir='ltr'><strong>auspicio</strong></span> <span class='ocrx_word' id='word_1_246' title='bbox 368 2713 379 2767; x_wconf 81' lang='lat' dir='ltr'><strong>l</strong></span> <span class='ocrx_word' id='word_1_247' title='bbox 393 2712 430 2784; x_wconf 50' lang='lat' dir='ltr'><strong>”f</strong></span> <span class='ocrx_word' id='word_1_248' title='bbox 452 2710 574 2768; x_wconf 86' lang='lat' dir='ltr'><strong>Veteres</strong></span> <span class='ocrx_word' id='word_1_249' title='bbox 596 2709 659 2786; x_wconf 89' lang='lat' dir='ltr'><strong>ejus</strong></span> <span class='ocrx_word' id='word_1_250' title='bbox 673 2707 741 2780; x_wconf 72' lang='lat' dir='ltr'><strong>belli</strong></span> <span class='ocrx_word' id='word_1_251' title='bbox 762 2708 870 2773; x_wconf 89' lang='lat' dir='ltr'><strong>clades,</strong></span> <span class='ocrx_word' id='word_1_252' title='bbox 886 2707 944 2764; x_wconf 91' lang='lat' dir='ltr'><strong>duo</strong></span> <span class='ocrx_word' id='word_1_253' title='bbox 957 2705 1091 2763; x_wconf 87' lang='lat' dir='ltr'><strong>consules</strong></span> 
     </span>
     <span class='ocr_line' id='line_1_31' title="bbox 115 2783 1127 2866; baseline -0.015 -16"><span class='ocrx_word' id='word_1_254' title='bbox 115 2792 246 2866; x_wconf 81' lang='lat' dir='ltr'><strong>proximo</strong></span> <span class='ocrx_word' id='word_1_255' title='bbox 258 2810 337 2848; x_wconf 86' lang='lat' dir='ltr'><strong>anno</strong></span> <span class='ocrx_word' id='word_1_256' title='bbox 350 2787 504 2861; x_wconf 83' lang='lat' dir='ltr'><strong>interfecti,</strong></span> <span class='ocrx_word' id='word_1_257' title='bbox 514 2789 661 2846; x_wconf 88' lang='lat' dir='ltr'><strong>terrebant</strong></span> <span class='ocrx_word' id='word_1_258' title='bbox 673 2806 689 2857; x_wconf 45' lang='grc' dir='ltr'><strong>ε,</strong></span> <span class='ocrx_word' id='word_1_259' title='bbox 702 2796 721 2822; x_wconf 87' lang='grc'>“</span> <span class='ocrx_word' id='word_1_260' title='bbox 733 2786 773 2842; x_wconf 87' lang='lat' dir='ltr'><strong>Et</strong></span> <span class='ocrx_word' id='word_1_261' title='bbox 785 2805 821 2842; x_wconf 89' lang='lat' dir='ltr'><strong>ea</strong></span> <span class='ocrx_word' id='word_1_262' title='bbox 830 2785 928 2842; x_wconf 91' lang='lat' dir='ltr'><strong>omnia</strong></span> <span class='ocrx_word' id='word_1_263' title='bbox 938 2783 1090 2854; x_wconf 88' lang='lat' dir='ltr'><strong>accidisse,</strong></span> <span class='ocrx_word' id='word_1_264' title='bbox 1101 2795 1127 2835; x_wconf 85' lang='lat' dir='ltr'><strong>ao</strong></span> 
     </span>
     <span class='ocr_line' id='line_1_32' title="bbox 117 2861 1091 2943; baseline -0.009 -18"><span class='ocrx_word' id='word_1_265' title='bbox 117 2873 136 2901; x_wconf 82' lang='lat'><strong>‘⁴</strong></span> <span class='ocrx_word' id='word_1_266' title='bbox 148 2887 235 2943; x_wconf 93' lang='lat' dir='ltr'><strong>quum</strong></span> <span class='ocrx_word' id='word_1_267' title='bbox 257 2886 333 2925; x_wconf 90' lang='lat' dir='ltr'><strong>unus</strong></span> <span class='ocrx_word' id='word_1_268' title='bbox 356 2867 517 2942; x_wconf 87' lang='lat' dir='ltr'><strong>imperator,</strong></span> <span class='ocrx_word' id='word_1_269' title='bbox 540 2886 616 2925; x_wconf 87' lang='lat' dir='ltr'><strong>unus</strong></span> <span class='ocrx_word' id='word_1_270' title='bbox 637 2864 782 2923; x_wconf 88' lang='lat' dir='ltr'><strong>exercitus</strong></span> <span class='ocrx_word' id='word_1_271' title='bbox 805 2864 929 2922; x_wconf 85' lang='lat' dir='ltr'><strong>bostium</strong></span> <span class='ocrx_word' id='word_1_272' title='bbox 952 2863 982 2918; x_wconf 93' lang='lat' dir='ltr'><strong>in</strong></span> <span class='ocrx_word' id='word_1_273' title='bbox 1003 2861 1091 2917; x_wconf 69' lang='lat' dir='ltr'><strong>Italia</strong></span> 
     </span>
     <span class='ocr_line' id='line_1_33' title="bbox 118 2941 1149 3017; baseline -0.01 -13"><span class='ocrx_word' id='word_1_274' title='bbox 118 2955 239 3004; x_wconf 83' lang='lat' dir='ltr'><strong>“esset:</strong></span> <span class='ocrx_word' id='word_1_275' title='bbox 262 2964 341 3004; x_wconf 89' lang='lat' dir='ltr'><strong>nunc</strong></span> <span class='ocrx_word' id='word_1_276' title='bbox 365 2946 423 3004; x_wconf 92' lang='lat' dir='ltr'><strong>duo</strong></span> <span class='ocrx_word' id='word_1_277' title='bbox 446 2946 522 3003; x_wconf 86' lang='lat' dir='ltr'><strong>bella</strong></span> <span class='ocrx_word' id='word_1_278' title='bbox 546 2941 656 3003; x_wconf 83' lang='lat' dir='ltr'><strong>Punica</strong></span> <span class='ocrx_word' id='word_1_279' title='bbox 678 2944 763 3010; x_wconf 86' lang='lat' dir='ltr'><strong>l&#39;acta,</strong></span> <span class='ocrx_word' id='word_1_280' title='bbox 779 2943 851 3000; x_wconf 91' lang='lat' dir='ltr'><strong>duos</strong></span> <span class='ocrx_word' id='word_1_281' title='bbox 865 2942 998 3017; x_wconf 79' lang='lat' dir='ltr'><strong>ingentes</strong></span> <span class='ocrx_word' id='word_1_282' title='bbox 1011 2957 1092 3016; x_wconf 65' lang='lat' dir='ltr'><strong>exer7</strong></span> <span class='ocrx_word' id='word_1_283' title='bbox 1140 2955 1149 2961; x_wconf 86' lang='lat'><em>·</em></span> 
     </span>
     <span class='ocr_line' id='line_1_34' title="bbox 118 3018 1092 3100; baseline -0.009 -17"><span class='ocrx_word' id='word_1_284' title='bbox 118 3030 137 3058; x_wconf 88' lang='lat'><strong><em>“</em></strong></span> <span class='ocrx_word' id='word_1_285' title='bbox 148 3025 233 3090; x_wconf 90' lang='lat' dir='ltr'><strong>citus,</strong></span> <span class='ocrx_word' id='word_1_286' title='bbox 258 3024 331 3081; x_wconf 90' lang='lat' dir='ltr'><strong>duos</strong></span> <span class='ocrx_word' id='word_1_287' title='bbox 351 3022 439 3100; x_wconf 76' lang='lat' dir='ltr'><strong>propd</strong></span> <span class='ocrx_word' id='word_1_288' title='bbox 464 3024 645 3082; x_wconf 87' lang='lat' dir='ltr'><strong>Hannibales</strong></span> <span class='ocrx_word' id='word_1_289' title='bbox 668 3022 699 3080; x_wconf 85' lang='lat' dir='ltr'><strong>in</strong></span> <span class='ocrx_word' id='word_1_290' title='bbox 722 3020 807 3078; x_wconf 70' lang='lat' dir='ltr'><strong>Italia</strong></span> <span class='ocrx_word' id='word_1_291' title='bbox 828 3039 912 3078; x_wconf 89' lang='lat' dir='ltr'><strong>esse:</strong></span> <span class='ocrx_word' id='word_1_292' title='bbox 933 3018 1039 3093; x_wconf 86' lang='lat' dir='ltr'><strong>quippo</strong></span> <span class='ocrx_word' id='word_1_293' title='bbox 1062 3027 1092 3074; x_wconf 88' lang='lat' dir='ltr'><strong>et</strong></span> 
     </span>
     <span class='ocr_line' id='line_1_35' title="bbox 118 3095 1092 3181; baseline -0.01 -20"><span class='ocrx_word' id='word_1_294' title='bbox 118 3113 137 3141; x_wconf 81' lang='lat'><strong>‘⁴</strong></span> <span class='ocrx_word' id='word_1_295' title='bbox 149 3103 373 3177; x_wconf 88' lang='lat' dir='ltr'><strong>Hasdrubalem,</strong></span> <span class='ocrx_word' id='word_1_296' title='bbox 387 3113 466 3181; x_wconf 88' lang='lat' dir='ltr'><strong>patre</strong></span> <span class='ocrx_word' id='word_1_297' title='bbox 484 3104 586 3167; x_wconf 80' lang='lat' dir='ltr'><strong>eodem</strong></span> <span class='ocrx_word' id='word_1_298' title='bbox 602 3100 769 3158; x_wconf 86' lang='lat' dir='ltr'><strong>Hamilcare</strong></span> <span class='ocrx_word' id='word_1_299' title='bbox 783 3098 923 3174; x_wconf 86' lang='lat' dir='ltr'><strong>genitum,</strong></span> <span class='ocrx_word' id='word_1_300' title='bbox 946 3096 1026 3171; x_wconf 75' lang='lat' dir='ltr'><strong>aeque</strong></span> <span class='ocrx_word' id='word_1_301' title='bbox 1040 3095 1092 3152; x_wconf 89' lang='lat' dir='ltr'><strong>irn-</strong></span> 
     </span>
    </p>

    <p class='ocr_par' dir='ltr' id='par_1_7' title="bbox 117 3169 1128 3338">
     <span class='ocr_line' id='line_1_36' title="bbox 118 3169 1128 3272; baseline -0.013 -31"><span class='ocrx_word' id='word_1_302' title='bbox 118 3191 139 3220; x_wconf 86' lang='lat'><strong>“</strong></span> <span class='ocrx_word' id='word_1_303' title='bbox 149 3181 263 3272; x_wconf 72' lang='lat' dir='ltr'><strong>pigrum</strong></span> <span class='ocrx_word' id='word_1_304' title='bbox 277 3182 392 3256; x_wconf 90' lang='lat' dir='ltr'><strong>ducem,</strong></span> <span class='ocrx_word' id='word_1_305' title='bbox 405 3200 456 3258; x_wconf 90' lang='lat' dir='ltr'><strong>per</strong></span> <span class='ocrx_word' id='word_1_306' title='bbox 481 3192 523 3239; x_wconf 88' lang='lat' dir='ltr'><strong>tot</strong></span> <span class='ocrx_word' id='word_1_307' title='bbox 545 3181 576 3239; x_wconf 90' lang='lat' dir='ltr'><strong>in</strong></span> <span class='ocrx_word' id='word_1_308' title='bbox 599 3179 742 3254; x_wconf 77' lang='lat' dir='ltr'><strong>Hispania</strong></span> <span class='ocrx_word' id='word_1_309' title='bbox 756 3195 847 3235; x_wconf 88' lang='lat' dir='ltr'><strong>annos</strong></span> <span class='ocrx_word' id='word_1_310' title='bbox 861 3169 997 3233; x_wconf 85' lang='lat' dir='ltr'><strong>Romano</strong></span> <span class='ocrx_word' id='word_1_311' title='bbox 1010 3192 1092 3230; x_wconf 86' lang='lat' dir='ltr'><strong>exer·</strong></span> <span class='ocrx_word' id='word_1_312' title='bbox 1101 3187 1128 3228; x_wconf 76' lang='lat' dir='ltr'><strong>at</strong></span> 
     </span>
     <span class='ocr_line' id='line_1_37' title="bbox 117 3251 1093 3338; baseline -0.015 -16"><span class='ocrx_word' id='word_1_313' title='bbox 117 3265 268 3330; x_wconf 81' lang='lat' dir='ltr'><strong>“citatum</strong></span> <span class='ocrx_word' id='word_1_314' title='bbox 281 3261 367 3336; x_wconf 87' lang='lat' dir='ltr'><strong>bello,</strong></span> <span class='ocrx_word' id='word_1_315' title='bbox 390 3259 508 3338; x_wconf 72' lang='lat' dir='ltr'><strong>gemini</strong></span> <span class='ocrx_word' id='word_1_316' title='bbox 531 3259 651 3316; x_wconf 73' lang='lat' dir='ltr'><strong>victoria</strong></span> <span class='ocrx_word' id='word_1_317' title='bbox 664 3257 819 3333; x_wconf 86' lang='lat' dir='ltr'><strong>insignem,</strong></span> <span class='ocrx_word' id='word_1_318' title='bbox 834 3252 945 3311; x_wconf 90' lang='lat' dir='ltr'><strong>duobus</strong></span> <span class='ocrx_word' id='word_1_319' title='bbox 959 3251 1093 3309; x_wconf 82' lang='lat' dir='ltr'><strong>exerciti-</strong></span> 
     </span>
    </p>

    <p class='ocr_par' dir='ltr' id='par_1_8' title="bbox 117 3330 1093 3496">
     <span class='ocr_line' id='line_1_38' title="bbox 118 3330 1092 3405; baseline -0.016 -4"><span class='ocrx_word' id='word_1_320' title='bbox 118 3349 137 3379; x_wconf 87' lang='lat'>“</span> <span class='ocrx_word' id='word_1_321' title='bbox 146 3341 201 3400; x_wconf 89' lang='lat' dir='ltr'><strong>bus</strong></span> <span class='ocrx_word' id='word_1_322' title='bbox 213 3360 281 3399; x_wconf 87' lang='lat' dir='ltr'><strong>cum</strong></span> <span class='ocrx_word' id='word_1_323' title='bbox 296 3339 462 3399; x_wconf 87' lang='lat' dir='ltr'><strong>clarissimis</strong></span> <span class='ocrx_word' id='word_1_324' title='bbox 475 3337 599 3395; x_wconf 88' lang='lat' dir='ltr'><strong>ducibus</strong></span> <span class='ocrx_word' id='word_1_325' title='bbox 609 3335 719 3393; x_wconf 90' lang='lat' dir='ltr'><strong>deletis.</strong></span> <span class='ocrx_word' id='word_1_326' title='bbox 760 3334 791 3391; x_wconf 98' lang='lat' dir='ltr'>N</span> <span class='ocrx_word' id='word_1_327' title='bbox 793 3352 839 3390; x_wconf 89' lang='lat' dir='ltr'><strong>am</strong></span> <span class='ocrx_word' id='word_1_328' title='bbox 850 3330 962 3390; x_wconf 89' lang='lat' dir='ltr'><strong>itineris</strong></span> <span class='ocrx_word' id='word_1_329' title='bbox 975 3330 1092 3405; x_wconf 90' lang='lat' dir='ltr'><strong>quidem</strong></span> 
     </span>
     <span class='ocr_line' id='line_1_39' title="bbox 117 3409 1093 3496; baseline -0.017 -16"><span class='ocrx_word' id='word_1_330' title='bbox 117 3419 292 3480; x_wconf 83' lang='lat' dir='ltr'><strong>“celeritate</strong></span> <span class='ocrx_word' id='word_1_331' title='bbox 306 3439 343 3477; x_wconf 86' lang='lat' dir='ltr'><strong>ex</strong></span> <span class='ocrx_word' id='word_1_332' title='bbox 363 3416 517 3492; x_wconf 69' lang='lat' dir='ltr'><strong>Hispania,</strong></span> <span class='ocrx_word' id='word_1_333' title='bbox 535 3427 565 3473; x_wconf 89' lang='lat' dir='ltr'><strong>et</strong></span> <span class='ocrx_word' id='word_1_334' title='bbox 578 3413 731 3473; x_wconf 90' lang='lat' dir='ltr'><strong>concitatis</strong></span> <span class='ocrx_word' id='word_1_335' title='bbox 745 3414 875 3471; x_wconf 91' lang='lat' dir='ltr'><strong>adarma</strong></span> <span class='ocrx_word' id='word_1_336' title='bbox 888 3409 1014 3496; x_wconf 40' lang='lat' dir='ltr'><strong>Gallicis·</strong></span> <span class='ocrx_word' id='word_1_337' title='bbox 1022 3425 1093 3483; x_wconf 68' lang='lat' dir='ltr'><strong>gers·</strong></span> 
     </span>
    </p>

    <p class='ocr_par' dir='ltr' id='par_1_9' title="bbox 119 3486 1093 3572">
     <span class='ocr_line' id='line_1_40' title="bbox 119 3486 1093 3572; baseline -0.02 -13"><span class='ocrx_word' id='word_1_338' title='bbox 119 3503 138 3533; x_wconf 89' lang='lat'><strong><em>“</em></strong></span> <span class='ocrx_word' id='word_1_339' title='bbox 147 3499 234 3567; x_wconf 89' lang='lat' dir='ltr'><strong>tibus,</strong></span> <span class='ocrx_word' id='word_1_340' title='bbox 248 3496 339 3557; x_wconf 76' lang='lat' dir='ltr'><strong>multo</strong></span> <span class='ocrx_word' id='word_1_341' title='bbox 354 3496 455 3572; x_wconf 85' lang='lat' dir='ltr'><strong>magis,</strong></span> <span class='ocrx_word' id='word_1_342' title='bbox 469 3495 555 3569; x_wconf 73' lang='lat' dir='ltr'><strong>quam</strong></span> <span class='ocrx_word' id='word_1_343' title='bbox 569 3492 765 3551; x_wconf 85' lang='lat' dir='ltr'><strong>Hannibalem</strong></span> <span class='ocrx_word' id='word_1_344' title='bbox 779 3491 884 3566; x_wconf 88' lang='lat' dir='ltr'><strong>ipsum,</strong></span> <span class='ocrx_word' id='word_1_345' title='bbox 900 3486 1016 3564; x_wconf 80' lang='lat' dir='ltr'><strong>gloriari</strong></span> <span class='ocrx_word' id='word_1_346' title='bbox 1029 3501 1093 3558; x_wconf 82' lang='lat' dir='ltr'><strong>pos·</strong></span> 
     </span>
    </p>

    <p class='ocr_par' dir='ltr' id='par_1_10' title="bbox 117 3563 1130 3810">
     <span class='ocr_line' id='line_1_41' title="bbox 117 3563 1130 3653; baseline -0.021 -16"><span class='ocrx_word' id='word_1_347' title='bbox 117 3587 136 3616; x_wconf 79' lang='lat'><strong>‘⁸</strong></span> <span class='ocrx_word' id='word_1_348' title='bbox 148 3597 199 3636; x_wconf 90' lang='lat' dir='ltr'><strong>se:</strong></span> <span class='ocrx_word' id='word_1_349' title='bbox 220 3578 326 3653; x_wconf 91' lang='lat' dir='ltr'><strong>quippe</strong></span> <span class='ocrx_word' id='word_1_350' title='bbox 348 3575 380 3634; x_wconf 90' lang='lat' dir='ltr'><strong>in</strong></span> <span class='ocrx_word' id='word_1_351' title='bbox 402 3575 439 3632; x_wconf 90' lang='lat' dir='ltr'><strong>iis</strong></span> <span class='ocrx_word' id='word_1_352' title='bbox 462 3573 534 3631; x_wconf 89' lang='lat' dir='ltr'><strong>locis</strong></span> <span class='ocrx_word' id='word_1_353' title='bbox 555 3573 634 3630; x_wconf 89' lang='lat' dir='ltr'><strong>hunc</strong></span> <span class='ocrx_word' id='word_1_354' title='bbox 648 3571 778 3646; x_wconf 68' lang='lat' dir='ltr'><strong>coegisse</strong></span> <span class='ocrx_word' id='word_1_355' title='bbox 801 3566 975 3637; x_wconf 85' lang='lat' dir='ltr'><strong>exercitum,</strong></span> <span class='ocrx_word' id='word_1_356' title='bbox 989 3563 1130 3638; x_wconf 82' lang='lat' dir='ltr'><strong>quibusro</strong></span> 
     </span>
     <span class='ocr_line' id='line_1_42' title="bbox 119 3637 1106 3731; baseline -0.017 -18"><span class='ocrx_word' id='word_1_357' title='bbox 119 3661 138 3693; x_wconf 88' lang='lat'><strong>“</strong></span> <span class='ocrx_word' id='word_1_358' title='bbox 147 3655 196 3713; x_wconf 87' lang='lat' dir='ltr'><strong>ille</strong></span> <span class='ocrx_word' id='word_1_359' title='bbox 210 3656 348 3731; x_wconf 88' lang='lat' dir='ltr'><strong>majorem</strong></span> <span class='ocrx_word' id='word_1_360' title='bbox 371 3662 482 3728; x_wconf 86' lang='lat' dir='ltr'><strong>partem</strong></span> <span class='ocrx_word' id='word_1_361' title='bbox 503 3649 627 3708; x_wconf 91' lang='lat' dir='ltr'><strong>militum</strong></span> <span class='ocrx_word' id='word_1_362' title='bbox 650 3637 775 3708; x_wconf 78' lang='lat' dir='ltr'><strong>fame&#39;ac</strong></span> <span class='ocrx_word' id='word_1_363' title='bbox 790 3646 904 3722; x_wconf 81' lang='lat' dir='ltr'><strong>frigore,</strong></span> <span class='ocrx_word' id='word_1_364' title='bbox 918 3661 982 3718; x_wconf 81' lang='lat' dir='ltr'><strong>quae</strong></span> <span class='ocrx_word' id='word_1_365' title='bbox 996 3641 1106 3730; x_wconf 68' lang='lat' dir='ltr'><strong>miser·-v</strong></span> 
     </span>
     <span class='ocr_line' id='line_1_43' title="bbox 117 3721 1096 3810; baseline -0.018 -14"><span class='ocrx_word' id='word_1_366' title='bbox 117 3733 219 3795; x_wconf 83' lang='lat' dir='ltr'><strong>“rima</strong></span> <span class='ocrx_word' id='word_1_367' title='bbox 241 3732 340 3791; x_wconf 86' lang='lat' dir='ltr'><strong>mortis</strong></span> <span class='ocrx_word' id='word_1_368' title='bbox 361 3747 471 3810; x_wconf 84' lang='lat' dir='ltr'><strong>genera</strong></span> <span class='ocrx_word' id='word_1_369' title='bbox 493 3738 569 3798; x_wconf 88' lang='lat' dir='ltr'><strong>sunt,</strong></span> <span class='ocrx_word' id='word_1_370' title='bbox 594 3727 763 3786; x_wconf 86' lang='lat' dir='ltr'><strong>amisisset.”</strong></span> <span class='ocrx_word' id='word_1_371' title='bbox 806 3721 1096 3801; x_wconf 84' lang='lat' dir='ltr'><strong>Adjiciebautetram</strong></span> 
     </span>
    </p>
   </div>
   <div class='ocr_carea' id='block_1_6' title="bbox 0 0 1269 4310">
    <p class='ocr_par' dir='ltr' id='par_1_11' title="bbox 0 0 1269 4310">
     <span class='ocr_line' id='line_1_44' title="bbox 0 0 1269 4310; baseline 0 0"><span class='ocrx_word' id='word_1_372' title='bbox 0 0 1269 4310; x_wconf 95' lang='lat' dir='ltr'><strong> </strong></span> 
     </span>
    </p>
   </div>
  </div>
 </body>
</html>
