2520 4310
443 743 558 842 LIBRl
578 744 769 806 VICESIMI
790 747 942 810 TERTII

520 970 524 978 '
579 969 652 1017 CAP.
668 969 814 1020 XI—Xlll.

586 1177 796 1188 m

441 1391 568 1424 merrom:
586 1392 667 1426 LIBRI
685 1393 816 1434 vtcnsrhss
834 1395 942 1430 Titiam.

233 1553 340 1593 cinam
350 1555 376 1592 aa
385 1554 521 1596 Hannibalern
529 1554 652 1596 resecarunt.
685 1557 724 1590 xr.
741 1559 792 1593 111.
809 1546 916 1594 Nuntius
928 1547 1062 1596 Cannensis
1073 1549 1180 1596 victoria
1245 1541 1246 1546 ’

193 1601 284 1666 Mago
298 1605 468 1668 Carthaginem
479 1607 566 1652 missus
577 1607 678 1652 annulos
690 1621 783 1662 aureos,
795 1621 809 1654 a
820 1609 899 1670 digitis
910 1610 1045 1656 occisorum
1055 1609 1178 1658 Romano-

207 1679 261 1712 rum
273 1668 435 1724 detractoe,in
443 1669 562 1716 vestibulo
570 1669 642 1716 curlae
655 1665 753 1718 effudit:
771 1683 833 1728 quos
844 1672 979 1716 excessisse
996 1671 1070 1717 modii
1081 1685 1179 1718 mensu·

207 1741 258 1774 tarn
266 1731 372 1777 traditur.
389 1745 439 1778 xrr.
452 1745 516 1778 xm.
529 1731 670 1790 Postquam
679 1733 790 1778 nuntium
799 1731 942 1787 Hann⁰,vir
953 1745 984 1778 ex
993 1732 1075 1778 Poenis
1084 1732 1181 1778 nobilis-

206 1790 292 1847 simus,
305 1795 422 1841 suadebat
433 1795 527 1840 senatui
546 1793 790 1856 Carthaginiensium,
809 1799 837 1842 ut
847 1807 933 1854 pacem
944 1807 957 1840 a
969 1794 1058 1853 populo
1070 1793 1181 1840 Romano

206 1859 336 1911 peterent:
353 1869 401 1902 nec
413 1857 500 1912 tenuit,
520 1857 675 1916 obstrepente
695 1851 798 1902 Barcina
808 1855 922 1902 factione.
955 1867 1054 1908 claudius
1063 1867 1182 1916 Marcellus,

205 1920 279 1958 pretor
287 1915 313 1952 ad
322 1915 343 1952 N
343 1915 405 1959 olum,
414 1917 519 1956 enuntians
528 1917 624 1956 adversus
633 1915 770 1955 Hannibalem
782 1927 808 1954 ex
820 1915 893 1960 oppido
902 1913 966 1963 aeta,
974 1915 1067 1964 prospere
1090 1917 1182 1967 uguavit.

205 1959 316 1998 Exercitus
325 1958 447 1998 Hannibalis
455 1969 490 2007 per
499 1957 583 1996 hiberna
592 1959 669 2006 Capua
677 1965 707 2003 lta
716 1963 832 1998 luxuriatus
840 1970 879 2048 εει(
889 1967 912 2000 ut
920 1973 1028 2011 corporum
1035 1928 1112 2004 viribus
1120 1970 1184 2016 atque

206 2009 321 2047 animorum
329 2014 465 2046 enervaretur.
491 2006 613 2056 Casilinum,
619 2019 632 2045 a
640 2007 705 2045 Pana
710 2008 821 2055 obsessum,
830 2009 860 2048 ita
874 2021 919 2048 aure
928 2017 1024 2050 vexatum
1035 2017 1074 2062 est,
1082 2019 1106 2052 trt
1114 2014 1183 2054 loraet

208 2057 270 2106 pelles
279 2057 343 2096 scutis
351 2059 462 2106 detractas,
471 2057 520 2096 item
529 2058 688 2104 mures‚essent;'
701 2061 722 2094 et
730 2056 824 2106 nucibus,
830 2069 865 2106 per
873 2058 998 2098 Vulturnum
1004 2071 1100 2101 amnema
1108 2063 1183 2104 Roma-

207 2107 239 2144 nis
248 2106 324 2156 missis,
333 2107 427 2146 vixerint.
454 2107 541 2145 Senatus
549 2115 575 2144 etr
588 2105 677 2156 equestri
689 2105 758 2144 ordine
773 2107 888 2146 hominibus
896 2113 978 2146 eentum
986 2109 1098 2160 nonaginta
1105 2123 1127 2150 se
1141 2118 1183 2152 tem

206 2156 312 2204 suppletus
321 2163 359 2195 ost.
385 2156 410 2194 1..
419 2153 534 2194 Postumius
543 2154 710 2204 pretoraGatlis
719 2166 764 2194 cum
777 2155 868 2194 exercitu
876 2167 938 2195 cesus
946 2162 983 2195 est.
1010 2157 1048 2196 Cn.
1056 2165 1078 2198 et
1086 2159 1107 2198 P.
1134 2161 1183 2208 cipi-

206 2217 256 2244 ones
273 2206 293 2244 in
307 2205 408 2254 Hispania
424 2205 573 2244 Hasdrubalem
589 2205 690 2254 vicerunt,
703 2209 724 2242 et
737 2203 859 2253 Hispaniam
876 2217 935 2244 suam
950 2205 1049 2245 iecerunt.
1083 2207 1183 2258 aerique

207 2254 320 2294 Cannensis
332 2253 434 2294 exercitur
447 2255 468 2293 in
481 2254 574 2294 Siciliam
586 2254 681 2304 relegatas
693 2259 753 2303 siuti,
771 2265 796 2294 ne
809 2255 924 2302 recederent
936 2254 991 2304 inde,
1005 2255 1045 2294 uisi
1057 2255 1115 2295 linito
1123 2257 1182 2296 bello.

95 2333 98 2341 .
154 2311 179 2343 λ’
206 2303 264 2342 Inter
273 2304 389 2352 Philippum
402 2303 536 2342 Macedonum
549 2315 615 2353 regern
628 2309 649 2342 et
657 2302 794 2346 Hannibalem
807 2303 894 2342 societas
904 2304 977 2352 juncta
988 2309 1026 2342 est.
1053 2303 1183 2354 Sempronius

206 2352 323 2401 Gracchus,
333 2353 409 2392 consul
420 2354 547 2400 ‘Campanos
564 2352 645 2391 cecidit.
671 2351 770 2390 Preterea
787 2351 808 2390 in
824 2351 920 2392 sardinis
936 2351 1023 2390 feliciter
1039 2363 1052 2392 a
1069 2352 1095 2391 Τ.
1104 2353 1184 2392 Manlio

123 2443 124 2446 Ἴ
208 2407 293 2448 pretore
301 2403 397 2439 adversus
406 2381 475 2440 irenes
487 2402 601 2449 ardosque
613 2413 644 2439 res
677 2407 720 2439 stas
733 2401 836 2440 continet:
849 2413 863 2439 a
883 2413 910 2440 uo
919 2401 1035 2440 Hasdrubal
1051 2403 1100 2451 dux,
1108 2405 1130 2440 et
1138 2401 1184 2440 Ma-

208 2461 243 2498 go,
260 2455 281 2486 et
298 2449 372 2487 Hanno
384 2451 446 2496 capti.
471 2450 570 2488 Claudius
583 2449 652 2486 Marce
662 2449 701 2496 lus,
714 2454 786 2495 prator
808 2449 877 2488 Hanni
891 2449 929 2488 alis
942 2449 1053 2488 exercitum
1066 2451 1092 2488 ad
1109 2449 1184 2488 Nolam

208 2498 280 2546 proelio
288 2497 341 2536 fudit
349 2503 371 2535 et
378 2497 442 2546 vicit3
454 2497 571 2544 primusque
579 2501 610 2534 tot
617 2496 709 2534 cladibus
716 2497 774 2535 fessis
782 2477 880 2538 iomanis
892 2497 995 2538 meterem
1002 2509 1058 2548 spent
1066 2498 1114 2539 belli
1122 2498 1184 2539 dedit.

209 2547 273 2598 [Car.
288 2557 385 2584 r-xurx.
411 2556 433 2584 o.
444 2557 464 2583 c.
472 2545 578 2584 eae-tm.
603 2556 653 2582 a.c.
661 2545 776 2594 sie-2154

171 2835 198 2894 g
249 2819 305 2878 XI.
348 2860 474 2878 .....
509 2820 639 2876 Nuntius
653 2818 829 2879 rictoriaead
843 2817 961 2876 Cannas
975 2818 1182 2896 Carthaginem

172 2893 192 2962 ἓξ
209 2911 326 2957 venerat
340 2900 438 2976 Mago,
454 2899 629 2956 Hamilcaris
643 2899 718 2956 filius
720 2937 895 2956 .......
937 2897 976 2964 Is,
990 2916 1077 2972 quum
1099 2899 1127 2956 ei
1140 2917 1183 2957 se·

178 2967 193 3048 2
209 2989 294 3035 natus
305 2979 388 3036 datus
398 2990 483 3051 esset,
498 2997 544 3036 res
555 2989 650 3054 gestas
661 2979 692 3036 iu
707 2977 792 3034 Italiri
800 2996 818 3033 a
828 2975 913 3033 fratre
924 2976 1058 3050 exponit:
1074 2979 1093 3008 “
1105 2977 1182 3035 Cum

187 3091 192 3102 ·
211 3062 228 3088 “
240 3075 290 3114 sex
303 3058 521 3132 imperatoribus
535 3076 613 3123 eum,
627 3075 749 3142 quorum¹
768 3065 888 3130 quatuor
902 3055 1044 3128 consules,
1056 3055 1182 3113 duodic-

172 3103 311 3200 {mator
333 3156 367 3194 ac
381 3137 516 3212 magister
539 3137 669 3211 equitum
688 3135 803 3203 fiterint,
828 3152 897 3192 cum
920 3152 971 3191 sex
982 3133 1183 3192 consularibus

177 3205 193 3285 ἓ
210 3217 229 3246 “
240 3216 423 3287 exercitibus,
438 3216 501 3272 acie
516 3215 697 3273 conflixisse:
718 3214 861 3272 occidisse
875 3229 961 3288 supra
974 3213 1101 3270 ducenta
1120 3210 1183 3268 mil·

172 3287 199 3304 ²
211 3296 229 3322 “
240 3293 280 3349 lia
302 3295 447 3352 hostium:
468 3313 553 3369 supra
565 3293 773 3370 quinquaginta
792 3292 882 3350 millia
902 3290 1022 3366 cepisse.
1057 3289 1103 3347 Ex
1115 3305 1183 3362 qua·

120 3366 128 3373 ’
213 3377 232 3404 “
244 3381 307 3428 tuor
319 3371 730 3442 oonsulibusduosoccidi'sse3
742 3391 779 3429 ex
789 3369 901 3429 duobus
910 3369 1040 3426 saucium
1049 3366 1182 3439 alterum,

214 3449 232 3476 “
244 3447 375 3515 alterum,
389 3459 449 3506 toto
467 3450 595 3508 exercitu
609 3452 724 3523 amisso,
736 3450 782 3506 vix
795 3467 862 3507 cum
873 3445 1081 3522 quinquaginta
1094 3443 1183 3502 homi·

178 3537 205 3580 10
215 3526 486 3602 “,nibuseffugisse
512 3527 684 3604 Magistrum
695 3525 834 3602 equiturn,
848 3543 911 3602 quta
919 3523 1078 3581 consularis
1091 3532 1184 3598 potes·

215 3605 287 3664 “tas
299 3606 346 3679 sit,
370 3605 466 3661 fusum
487 3605 692 3682 fugatumque:
714 3607 894 3676 dictatorem,
906 3601 972 3675 quia
990 3619 1021 3657 se
1045 3600 1076 3657 in
1090 3601 1184 3658 aciem
1245 3645 1246 3650 κ

215 3690 234 3719 “
245 3701 394 3758 nunquam
408 3685 592 3758 commiserit,
606 3704 625 3742 u
650 3685 655 3696 '
740 3681 839 3742 haberi
851 3682 1060 3756 imperatorem.
1100 3677 1183 3736 Brut-

213 3765 232 3796 “
244 3763 298 3822 ties
312 3761 489 3840 Apulosque,
499 3763 603 3841 partim
640 3763 792 3824 amuitium
805 3779 841 3820 ao
853 3758 1049 3833 Lucanorum,
1060 3753 1182 3834 delecis-
