2556 4314
473 302 624 354 Ltusatt
642 317 706 355 cnr.
723 319 807 354 xxm.
1093 303 1134 364 ὥ

135 503 140 510 ,
156 444 365 514 restitueruntr
386 454 417 502 et
436 445 514 521 apud
526 463 628 521 regem
647 445 805 505 Etruscum
818 465 879 505 non
892 455 954 504 tuta
966 445 1065 515 solum,
1079 447 1131 506 sed

156 524 298 583 honorata
310 523 410 596 etiam,
425 524 515 582 virtus
529 524 603 594 suit3
625 524 827 601 laudatamque
841 525 982 602 virginem
991 535 1069 600 parts
1079 525 1132 584 ob-

154 602 252 662 sidum
266 621 298 661 se
313 602 422 662 donate
435 603 527 662 dixit:
548 603 618 680 ipsa,
633 622 704 679 quos
717 604 812 673 vellet,
826 604 943 681 legeret.
984 603 1133 662 Productis

151 683 303 750 omnibus,
318 681 441 759 elegisse
464 682 597 758 impubes
617 683 743 754 dicitur3
763 684 840 759 quod
865 694 894 741 et
918 681 1075 760 virginitati
1087 683 1134 740 de-

131 767 269 834 ⁵corum,
285 771 314 818 et
328 779 473 820 consensu
495 761 629 820 obsidum
653 763 782 838 ipsorum
803 762 952 838 probabile
976 773 1047 834 erat,
1071 777 1134 818 eam

153 850 272 898 aetatem
285 835 463 916 potissimrim
477 840 591 898 liberari
605 840 642 898 ab
656 843 748 910 hoste,
759 860 823 918 quae
837 842 962 899 maxime
976 851 1136 917 opportuna

154 918 270 1008 ipjuriae
284 930 369 978 esset.
391 919 468 977 Pace
480 920 684 997 redintegrata,
698 920 828 980 Romam
843 939 946 979 novam
970 920 1002 978 in
1016 918 1135 977 stamina

154 996 288 1055 tntutem
310 1017 385 1057 novo
405 1015 512 1076 genere
540 999 665 1072 honoris,
694 1002 788 1059 statuat
810 999 947 1075 equestri,
970 999 1133 1058 donavere:

155 1075 186 1134 in
199 1079 310 1135 summa
321 1078 412 1160 Sacra
425 1078 470 1137 vil
484 1078 538 1137 fuit
551 1077 644 1156 posita
656 1079 739 1158 virgo
750 1079 881 1138 insidens
893 1096 977 1155 equo.
999 1071 1043 1146 'tr'

88 1215 145 1300 l}
155 1275 157 1278 -
184 1233 303 1292 XXIII.
392 1277 399 1292 .
415 1279 423 1294 .
438 1277 446 1292 .
460 1236 574 1297 Bellum
582 1236 722 1318 Volscum
733 1236 914 1310 imminebat,
924 1246 954 1294 et
964 1235 1076 1308 civitas,
1087 1251 1132 1294 se·

117 1299 139 1400 i}
154 1331 221 1372 cum
243 1314 305 1391 ipsa
318 1313 440 1389 discors,
453 1315 590 1376 intestino
604 1315 679 1376 inter
693 1318 793 1376 Patres
806 1317 977 1394 plebemque
991 1313 1132 1394 flagrabat

124 1403 138 1432 ⁴
152 1392 230 1466 odio,
244 1394 367 1452 maxime
375 1405 492 1471 propter
501 1413 593 1454 nexos
605 1395 643 1454 ob
654 1414 693 1454 aes
701 1395 838 1454 alienum.
860 1394 1046 1468 Fremebant‚
1057 1402 1077 1430 ‘⁴
1088 1409 1131 1460 se,

114 1474 174 1562 {qm
185 1469 252 1531 foris
265 1491 317 1549 pro
330 1473 471 1533 libertate
485 1483 515 1532 et
535 1473 656 1550 imperio
676 1475 859 1547 dimicantes,
882 1473 961 1532 dorni
981 1491 999 1531 a
1019 1472 1131 1532 civibus

120 1552 173 1614 s“
184 1563 285 1626 captos
298 1561 329 1608 et
349 1571 510 1628 oppressos
524 1569 607 1623 esse;
628 1552 818 1627 tutioremque
842 1554 873 1610 in
896 1551 972 1610 bello
992 1549 1080 1626 qulrn
1099 1549 1131 1608 in·

112 1624 171 1690 Ξ“
183 1647 270 1704 pace,
296 1629 373 1688 inter
400 1631 498 1689 hostes
523 1629 611 1706 quum
641 1630 716 1688 inter
740 1631 827 1698 cives,
855 1630 1016 1687 libertatem
1041 1626 1133 1703 plebis

149 1710 171 1740 “
182 1725 248 1765 esse
262 1727 268 1764 :
282 1707 301 1735 '’
322 1707 518 1783 invidiamque
532 1725 608 1781 earn,
623 1709 674 1766 sud
695 1720 796 1784 sponte
814 1708 997 1786 gliscentem,
1011 1706 1134 1784 insignis

149 1785 238 1844 unius
260 1785 413 1844 calamitas
435 1787 580 1844 accendit.
622 1786 734 1864 Magno
757 1797 826 1846 natu
851 1787 978 1862 quidam,
993 1803 1060 1844 cum
1074 1803 1133 1844 om·

149 1865 232 1930 nium
245 1865 389 1924 malorum
404 1884 522 1924 suorum
536 1865 710 1942 insignibus,
724 1883 756 1924 se
770 1867 801 1924 in
815 1865 908 1924 forum
921 1863 1062 1942 projecit:
1082 1864 1133 1924 ob·

148 1941 206 2001 sita
219 1953 282 2001 erat
306 1945 437 2019 squalore
460 1944 557 2013 vestis,
572 1944 675 2004 loedior
695 1945 822 2021 corporis
846 1944 960 2003 habitus
972 1943 1080 2020 pallore
1095 1961 1130 2002 ac

113 2037 139 2078 m
149 2022 246 2080 macie
260 2024 408 2100 perempti.
450 2024 499 2082 Ad
523 2024 590 2092 hoc,
611 2023 753 2100 promissa
772 2024 862 2082 barba
875 2033 905 2082 et
918 2023 1015 2100 capilli
1028 2023 1129 2082 effera·

129 2112 252 2176 ¹verant
266 2103 394 2178 speciem
407 2103 473 2160 oris.
514 2102 721 2162 Noscitabatur
734 2104 878 2164 tamenin
899 2105 979 2162 tants
993 2102 1129 2162 deformi·

150 2190 218 2248 tate,
234 2190 263 2238 et
276 2180 394 2239 ordines
407 2181 522 2240 duxisse
537 2181 668 2254 aiebant;
691 2181 802 2260 aliaque
824 2182 934 2240 militiae
948 2182 1054 2240 decora
1067 2181 1128 2240 vul·

80 2272 86 2276 ·
146 2257 196 2336 gs,
211 2257 380 2318 miserantes
393 2279 470 2329 eum,
483 2259 650 2338 jactabant:
671 2261 744 2338 ipse,
759 2271 847 2320 testes
868 2262 1054 2321 honestarum
1076 2259 1127 2318 ali·

146 2347 218 2412 quot
238 2337 308 2397 locis
330 2358 504 2416 pugnarum,
526 2339 679 2419 cicatrices
692 2340 811 2400 adverso
824 2349 940 2416 pectore
953 2340 1126 2399 ostentabat.

112 2416 371 2476 ssSciscitantibus
384 2419 463 2477 unde
486 2419 536 2477 ille
560 2419 698 2491 habitusl
719 2420 798 2478 unde
825 2419 1015 2478 deformitas?
1037 2429 1126 2493 quum

147 2495 323 2556 circumfusa
336 2499 423 2557 turba
435 2509 512 2556 esset
525 2498 612 2574 prope
628 2498 659 2556 in
673 2497 824 2557 concionis
837 2497 966 2570 modum,
987 2499 1006 2527 “
1017 2496 1128 2568 Sabino

147 2583 168 2611 “
179 2575 284 2649 bello,”
300 2577 350 2645 ait,
366 2587 384 2614 ‘⁴
397 2595 429 2634 se
443 2574 627 2648 militantem,
640 2576 708 2650 quia
727 2585 841 2652 propter
854 2572 1053 2649 populationes
1066 2572 1128 2647 agri

148 2657 167 2684 “
177 2672 237 2712 non
252 2655 347 2713 fructu
360 2655 449 2714 modo
472 2654 607 2723 caruerit,
623 2656 674 2712 sed
689 2653 757 2712 villa
770 2653 892 2711 incensa
905 2651 1001 2726 fuerit,
1015 2650 1127 2726 direpta

147 2733 286 2807 “omnia,
300 2750 406 2810 pecora
428 2733 543 2807 abacta,
568 2733 708 2791 tributum
730 2731 831 2807 iniquo
853 2750 906 2789 suo
919 2741 1050 2808 tempore
1071 2729 1125 2789 im·

110 2829 137 2869 au
148 2821 167 2848 ‘⁶
178 2819 322 2888 peratum,
338 2832 377 2871 aes
399 2813 527 2871 alienum
549 2811 671 2870 fecisse:
693 2811 733 2880 id,
758 2810 938 2868 cumulatum
952 2809 1056 2884 usuris,
1069 2811 1126 2886 pri·

146 2900 166 2927 ‘⁶
177 2892 227 2948 rnb
241 2909 273 2950 se
288 2910 357 2968 agro
369 2901 488 2967 paterno
502 2891 634 2966 avitoque
649 2890 773 2965 exuisse,
789 2890 894 2947 deinde
909 2889 1030 2948 fortunis
1044 2889 1124 2948 aliis:

145 2969 334 3044 “postremb,
348 2971 425 3027 velut
437 2971 544 3045 tabem,
557 2969 723 3046 pervenisse
743 2970 780 3028 ad
795 2986 908 3045 corpus.
949 2967 1079 3026 Ductum
1093 2985 1124 3026 se

144 3051 164 3079 “
176 3048 217 3106 ab
231 3047 383 3121 creditore,
397 3067 455 3107 non
479 3050 509 3108 in
534 3049 692 3121 servitium,
706 3049 757 3106 sed
778 3049 809 3108 in
829 3046 1007 3126 ergastulum
1021 3059 1050 3106 et
1063 3065 1125 3106 car·

145 3135 166 3164 ‘⁸
177 3125 330 3206 nificinam
343 3129 436 3185 esse.’'
478 3128 553 3186 Inde
576 3138 721 3186 ostentare
738 3137 862 3204 tergum,
877 3127 986 3184 foedum
1000 3126 1125 3193 recenti-

109 3225 136 3268 as
145 3205 201 3264 bus
214 3205 343 3283 vestigiis
366 3207 528 3266 verberum.
570 3206 619 3264 Ad
640 3208 703 3265 hec
717 3206 778 3264 visa
791 3207 945 3280 auditaque
960 3204 1067 3264 clamor
1082 3205 1125 3263 in·

143 3303 218 3361 gens
231 3285 331 3344 oritur.
373 3285 442 3343 Non
463 3286 524 3362 jam
545 3285 651 3344 sorore
669 3285 809 3343 turnultus
833 3283 973 3356 continet,
995 3284 1048 3342 sed
1061 3301 1125 3359 pas-

143 3364 199 3422 sim
212 3375 304 3434 totsm
318 3364 420 3421 urbem
443 3364 581 3440 pervadit.
623 3363 711 3422 Nexu
725 3362 820 3422 ‘vincti
834 3362 976 3438 solutique
997 3381 1027 3420 se
1041 3359 1125 3420 undi-

142 3461 200 3517 que
225 3443 257 3500 in
280 3442 430 3517 publicum
451 3441 631 3518 proripiunt3
653 3442 813 3518 implorent
837 3441 1000 3504 Quiritium
1027 3439 1122 3522 fidem·

142 3521 314 3580 Nulloloco
328 3521 410 3580 deest
422 3521 571 3580 seditionis
584 3521 761 3580 voluntarius
774 3540 889 3580 comes:
910 3517 1009 3576 multis
1018 3525 1124 3598 passtm

108 3600 311 3678 roagminibus
324 3619 378 3676 per
399 3619 500 3659 ornnes
521 3601 581 3659 vias
605 3618 673 3659 curn
695 3600 820 3658 clamore
839 3600 870 3656 in
884 3597 978 3654 forum
991 3594 1124 3667 curratur.

142 3679 255 3758 Magno
268 3699 337 3740 cum
350 3681 481 3757 periculo
502 3699 564 3754 suo,
578 3679 628 3755 qui
642 3679 713 3737 sorte
737 3677 855 3734 Petrum
869 3675 900 3728 in
914 3671 975 3755 toro
988 3669 1080 3720 erent,
1094 3673 1125 3740 rn

141 3777 207 3818 earn
221 3761 335 3820 turbam
349 3760 534 3824 inciderunt:
555 3777 613 3818 nec
637 3763 829 3832 temperatum
849 3743 985 3806 manibus
998 3733 1080 3800 foret,
1092 3745 1124 3786 m
