2556 4314
25 409 27 414 Ι
101 323 142 390 30
504 329 574 382 ΤΙΤΙ
591 331 677 382 u1v11
701 323 705 332 ’

102 471 290 542 audiebatur3
311 472 470 548 pulvisque,
485 493 522 532 ex
535 475 708 533 distantibus
722 475 797 534 loeis
806 485 895 544 ortus,
910 474 988 533 velut
999 476 1080 535 nube

101 551 220 610 inducta
233 551 331 609 omnia
350 553 537 629 impleverat3
559 556 673 630 raptim,
687 555 802 630 quibus
817 555 937 630 quisquc
957 565 1078 630 poterat,

101 630 195 704 elatis,
209 650 298 705 quum
309 633 398 690 larem
413 653 448 691 ac
461 645 581 710 penates
594 645 738 710 tectaque,
750 635 896 709 inquibus
909 635 1080 716 natusquis-
1117 703 1120 710 Ι

101 729 157 784 que
177 710 375 786 educatusque
389 727 474 786 esset,
489 715 686 788 relinquentes
709 714 834 782 exirent,
850 714 911 789 jam
925 714 1079 772 continens

102 807 207 866 agmen
216 791 412 868 ,migrantium
426 793 594 868 impleverat
607 791 684 862 vias3
706 802 744 849 et·
759 793 933 868 conspectus
958 793 1078 850 aliorum
1101 807 1115 862 ὅ,

101 869 203 926 mutud
229 870 413 928 miseratione
439 871 601 948 integrabat
627 873 788 947 lacrymas:
821 889 964 945 vocesque
991 871 1078 928 etiam
1142 929 1143 934 χ

101 947 280 1024 miserabiles
293 950 549 1020 ‘exaudiebantuu
571 951 724 1008 mulierum
744 950 899 1026 precipua,
920 969 1009 1024 quum
1030 950 1080 1007 ob-

101 1045 180 1084 sessa
194 1029 230 1084 ab
249 1029 365 1085 armatis
378 1030 485 1105 templa
499 1039 621 1106 augusta
634 1030 822 1104 praeterirent,
837 1046 872 1085 ac
887 1025 964 1085 velut
978 1039 1078 1103 captos

101 1105 296 1181 relinquerent
322 1106 410 1165 Deos.
448 1107 598 1184 'Egressis
627 1109 729 1165 urbem
761 1107 897 1174 Albanis,
925 1107 1078 1164 Romanus
1129 1159 1133 1165 .

99 1185 206 1260 passim
220 1185 337 1259 publica
360 1187 525 1263 privataque
548 1187 647 1244 omnia
668 1196 746 1243 tecta
764 1186 986 1260 adaequats0103
1008 1187 1115 1244 und-ro

99 1271 155 1339 que
176 1265 246 1321 hora
259 1265 534 1342 quadringentorum
556 1275 697 1323 annorum
709 1275 793 1343 opus,
806 1265 910 1340 quibus
931 1265 1008 1322 Alba
1021 1275 1077 1322 ste-

99 1353 182 1410 terat,
197 1343 326 1402 exscidio
347 1363 382 1402 ac
395 1344 589 1401 ruinis'dedit.
631 1343 765 1420 Templis
788 1355 886 1401 tamen
901 1344 998 1401 Derim
1023 1343 1077 1420 (ita
1106 1389 1113 1404 .

99 1421 178 1479 enim
201 1422 330 1480 edietum
354 1424 391 1480 ab
408 1441 476 1500 rege
491 1423 597 1501 fuerat)
612 1433 802 1499 temperatum
816 1418 868 1481 eat.

138 1579 241 1638 XXX
272 1581 369 1638 Roma
391 1580 507 1638 interim
529 1581 634 1637 crescit
659 1580 743 1637 Albae
769 1580 880 1638 ruinis:
914 1576 1076 1656 duplicatur
1124 1593 1127 1598 '

99 1658 206 1716 civium
220 1679 367 1717 numerus.
396 1659 521 1717 'Coelius
542 1659 657 1734 additur
678 1660 743 1716 urbi
767 1678 870 1730 mons,·
891 1671 930 1733 et,
944 1679 1000 1735 quo
1022 1661 1113 1717 sre·1⁵

98 1738 235 1811 quentids
247 1739 433 1806 habitaretur,
448 1757 512 1796 earn
528 1739 629 1796 sedem
654 1737 761 1795 Tullus
773 1739 860 1814 regite
875 1739 962 1815 capit,
978 1740 1075 1813 ibique

40 1831 50 1842 ³
97 1817 245 1874 habitavit.
286 1818 437 1894 Principes
460 1819 641 1876 Albanorum
663 1818 694 1874 in
716 1817 825 1884 Patres,
850 1829 881 1874 ut
904 1837 939 1874 ea
962 1837 1075 1891 quoque

97 1913 163 1970 pars
177 1897 343 1971 reipublicae
357 1907 511 1964 cresceret,
527 1897 597 1972 legit
618 1896 903 1967 Tullios-Servilios,
923 1895 1074 1967 Quintios,

97 1975 255 2050 Geganius,
268 1974 421 2042 Curiatios,
437 1975 575 2044 Cloelios3
596 1976 791 2051 templumque
804 1974 898 2032 ordini
912 1974 948 2030 ab
962 1993 993 2030 se
1007 1992 1075 2036 auce

56 2061 65 2074 ‘
98 2063 127 2111 to
141 2053 252 2110 curiam
276 2052 433 2127 fecitque
455 2051 580 2111 Hostilia
604 2074 693 2128 usque
716 2056 752 2112 ad
777 2063 890 2129 patrum
912 2063 1135 2110 nostrorumst
1203 2086 1207 2091 -

98 2139 212 2190 atatem
226 2131 368 2207 appellata
380 2141 425 2188 est
437 2151 444 2188 :
458 2143 499 2205 et,
512 2143 543 2189 ut
553 2134 684 2190 omniurn
697 2130 832 2191 ordinum
845 2131 953 2188 viribus
967 2131 1075 2206 aliquid
1114 2169 1119 2188 .

97 2230 134 2268 ex
148 2229 223 2269 novo
235 2211 340 2286 populo
364 2210 547 2287 adjiceretur,
561 2213 689 2286 equiturn
714 2213 817 2269 decern
841 2203 950 2267 turmas
972 2229 1008 2267 ex
1022 2209 1111 2288 ΑΙ-ΡἹ

97 2289 181 2347 banis
191 2290 271 2365 legit.
292 2289 437 2364 Legiones
449 2301 479 2347 et
490 2300 604 2356 ¹veteres
617 2290 720 2347 eodem
731 2290 932 2363 supplemento
940 2289 1074 2363 explevit,
1089 2292 1105 2372 ξ

97 2379 127 2426 et
141 2387 229 2426 novas
243 2368 365 2444 scripsit.
407 2369 474 2426 Hac
499 2369 607 2426 fiducia
630 2369 731 2424 virium
754 2365 860 2422 Tullus
885 2367 1003 2425 Sabinis
1017 2368 1110 2444 bel-L.

96 2447 157 2507 lum
172 2447 286 2520 indicit,
298 2447 379 2522 genti
393 2449 429 2504 ed
442 2457 613 2524 tempestate
627 2445 788 2502 seeundum
802 2445 942 2504 Etruscos
955 2447 1075 2522 opulen·
1089 2432 1125 2494 3-

96 2527 214 2585 tissimae
229 2527 295 2584 viris
310 2526 461 2600 armisque.
504 2526 596 2584 Utrim
617 2544 654 2582 ue
674 2523 787 2599 injuriae
802 2523 946 2597 factae,.ac
964 2545 1011 2583 res
1024 2543 1101 2590 ne.»

97 2607 251 2682 quidquam
266 2616 349 2663 erant
372 2605 509 2680 repetite.
551 2544 657 2662 Tuiius
681 2604 717 2660 ad
739 2602 872 2660 Feroniae
887 2605 987 2662 fanum
1001 2604 1102 2662 mer-5²

98 2697 166 2744 catu
180 2685 323 2760 frequenti
342 2685 536 2760 negotiatores
559 2684 710 2741 Romanos
731 2683 955 2757 comprehensos
973 2655 1109 2762 quere-fi

98 2766 190 2822 batur.
233 2764 335 2820 Sabini
359 2782 425 2819 suos
446 2763 525 2837 prius
550 2763 579 2819 iu
604 2762 702 2819 lucum
720 2762 946 2838 confugisse5ae
969 2763 1073 2820 Romae
1131 2833 1136 2842 1

97 2851 233 2901 retentos:
275 2841 331 2898 Hae
345 2859 440 2897 oausae
462 2841 528 2897 belli
550 2840 723 2898 ferebantur.
766 2841 868 2900 Sabini
882 2841 958 2898 haud
972 2859 1123 2915 parumao-

97 2939 251 2993 memores,
265 2929 294 2976 et
307 2937 422 2976 suarum
437 2917 539 2975 virium
553 2929 662 2994 partem
677 2921 781 2978 Romae
792 2922 829 2978 ab
843 2921 930 2979 Tatio
939 2919 1073 2992 locatam,

98 3013 129 3060 et
155 3001 322 3060 Romanam
346 3017 407 3054 rem
434 3017 525 3073 nuper
549 2998 636 3056 etiam
664 3000 826 3077 adjectione
847 3000 944 3078 populi
965 2998 1074 3056 Albani

72 3081 74 3086 '
98 3090 225 3146 auctam,
240 3077 465 3151 circumspicere
478 3087 508 3134 et
526 3077 580 3154 ipsi
594 3081 841 3138 externa'auxilia.
884 3079 1001 3137 Etruria
1014 3089 1075 3137 erat

98 3159 206 3231 vicina,
226 3157 347 3233 proximi
369 3155 556 3216 Etruseorum
580 3158 728 3235 Vejeirtes
779 3158 864 3227 Inde,
884 3157 922 3212 ob
945 3158 1076 3214 residuas

98 3235 310 3297 bellorum-iras
325 3236 456 3301 maxime,
467 3237 626 3306 sollicitatis
640 3239 676 3294 ad
690 3235 882 3293 defectionem
898 3233 1012 3306 animis,
1028 3251 1110 3297 vo-as

91 3317 238 3376 ¹luntarios
251 3313 384 3384 traxdre3
406 3327 436 3373 et
458 3318 534 3392 apud
556 3335 642 3391 vagos
665 3314 803 3390 quosdam
826 3329 863 3368 ex
887 3311 965 3386 inopi
989 3313 1074 3388 plebe

99 3397 189 3456 etiam
213 3413 325 3454 merces
348 3395 444 3452 valuit.
496 3395 618 3454 Publice
639 3391 745 3450 auxilio
768 3389 847 3448 nullo
872 3391 962 3468 adjuti
987 3403 1074 3451 sunt:

99 3476 245 3551 valuitque
260 3474 336 3549 apud
350 3473 488 3550 Vejentes
510 3473 591 3549 (narn
612 3472 648 3528 de
662 3470 775 3529 eaeteris
788 3468 883 3527 miuds
897 3471 1002 3530 mirum
1016 3474 1074 3554 est)
1095 3518 1097 3522 -

100 3566 187 3636 pacta
199 3573 266 3612 curn
281 3553 409 3611 Romulo
422 3552 604 3609 induciarum
618 3550 698 3607 fides.
739 3548 842 3619 Quum
855 3549 964 3609 bellum
977 3553 1076 3612 utrim-

101 3654 157 3713 que
172 3635 283 3692 sumina
296 3651 351 3707 ope
364 3640 508 3706 pararent,
530 3630 657 3705 vertique
679 3629 709 3686 in
733 3647 769 3687 eo
781 3648 827 3687 res
847 3630 1004 3705 videretur,
1019 3631 1074 3689 utri
1083 3653 1109 3690 ro

100 3712 182 3791 pride
205 3731 285 3771 arma
303 3709 453 3780 inferrent,
475 3719 600 3782 occupat
620 3707 727 3766 Tullus
749 3707 781 3767 in
804 3729 905 3786 agrum
933 3711 1074 3769 Sabinum

102 3792 233 3852 nansire.
275 3790 379 3864 Pugna
402 3796 482 3846 atrox
502 3786 539 3844 ad
563 3785 663 3847 silvam
685 3787 862 3849 Malitiosam
886 3789 959 3857 fuit3
981 3788 1075 3846 ubist
