2556 4314
159 349 198 410 ’ζο
491 369 493 374 ·
560 345 631 398 'rm
647 343 734 398 Lrvlt

155 453 274 568 propere
288 484 437 562 consules,
455 488 488 546 Ρ.
503 487 641 548 Servilius
664 497 694 546 et
714 487 772 564 Ap.
790 448 942 555 Glindiua
956 487 994 545 ad
1008 490 1136 568 compri-

67 571 72 580 '
159 569 294 626 mandam
308 567 480 628 seditionem
493 567 724 626 intervenissent.
765 565 802 624 Iu
815 585 866 624 eos
876 566 1030 626 multitudo
1043 587 1137 644 versa,

158 659 304 706 ostentare
328 647 445 705 vincula
467 665 532 720 sua,
565 645 833 720 deformitatemque
857 644 951 704 aliam.
1003 645 1079 706 Haec
1106 667 1139 706 se

73 748 87 760 ··
160 727 277 784 meritos
290 726 399 796 dicere,
414 727 604 802 exprobantes
623 743 706 782 suam
729 723 849 800 quisque
863 723 937 782 alius
958 723 1027 782 alibi
1041 725 1139 784 militi·

160 823 216 864 am.
259 805 417 874 Postulare,
442 804 533 862 multo
556 803 709 861 minaciter
731 803 824 880 magis
847 801 935 878 quim
959 803 1138 880 suppliciter,
1162 817 1176 854 ⁵

124 933 127 948 .
160 894 194 942 ut
207 893 339 943 senatum
352 894 505 942 vocarent:
527 883 694 957 curiamque
709 881 774 957 ipsi,
788 881 874 940 futuri
894 881 994 940 arbitri
1008 884 1138 942 modera-

161 974 295 1039 toresque
308 963 417 1038 publici
439 962 564 1035 consilii,
588 961 815 1020 circumsistunt.
866 960 958 1019 Pauci
982 962 1138 1020 admodum

162 1037 290 1110 Petrum,
304 1060 375 1116 quoa
396 1049 493 1099 casus'
504 1040 657 1114 obtulerat,
672 1039 813 1098 contracti
827 1041 863 1097 ad
878 1040 1032 1098 consules:
1053 1052 1139 1099 cete·

165 1139 213 1179 ros
226 1130 319 1180 metus
333 1139 392 1179 non
406 1121 488 1178 curii
501 1118 596 1189 modo,
611 1119 663 1178 sed
684 1119 772 1177 etiam
786 1118 847 1178 foro
861 1120 998 1188 arcebat,
1019 1139 1075 1178 nec
1090 1121 1138 1197 agi

159 1199 315 1275 quidquam
338 1218 389 1276 per
410 1197 632 1274 infrequentiam
653 1207 765 1274 poterat
789 1199 914 1256 senatus.
964 1196 1041 1257 Tum
1069 1197 1138 1256 vero
1151 1216 1176 1254 ro

161 1277 240 1338 eludi
254 1287 338 1352 etque
349 1279 460 1336 extrahi
482 1297 513 1336 se
535 1278 688 1354 multitudo
700 1287 800 1353 putare
812 1296 821 1347 3
841 1287 881 1350 et,
895 1275 1012 1335 Petrum
1027 1277 1075 1352 qui
1089 1277 1140 1338 ab·

73 1391 80 1400 -
159 1367 353 1430 essentsnon
380 1375 461 1426 casu,
488 1375 547 1416 non
573 1367 663 1430 metu,
685 1356 736 1414 sed
762 1355 955 1432 impediendae
978 1356 1020 1414 rei
1045 1358 1137 1414 causi

162 1437 273 1508 abesse,
287 1446 317 1493 et
339 1435 473 1495 consules
496 1436 574 1512 ipsos
592 1434 793 1512 tergiversari3
815 1453 872 1493 nec
896 1433 985 1493 dubit
1011 1435 1138 1494 ludibrio

160 1533 226 1572 esse
237 1515 366 1572 miserias
380 1533 455 1573 suas.
496 1515 562 1572 Janr
575 1513 663 1590 prope
676 1524 747 1588 erat,
758 1523 791 1571 ut
803 1532 842 1572 ne
856 1514 1006 1573 consulum
1021 1514 1139 1589 quidem
1274 1585 1275 1588 Ἴ

162 1593 296 1670 majestas
310 1601 457 1652 coerceret
480 1593 537 1653 iras
561 1592 728 1663 hominum
748 1611 849 1667 quum,
869 1593 984 1666 incerti,
997 1591 1139 1652 morando
1153 1613 1178 1652 ts
1274 1599 1275 1674 J

1274 1677 1275 1702 l

76 1694 81 1702 ‘
161 1689 200 1730 an
211 1673 363 1745 veniendo,
378 1672 442 1748 plus
454 1671 576 1748 periculi
590 1671 804 1740 contraherent,
819 1673 937 1730 tandem
958 1672 989 1730 iu
1003 1682 1140 1730 senatum

163 1751 302 1810 veniunt:
323 1751 520 1826 frequentique
534 1750 651 1808 tandem
666 1749 757 1817 curiis,
769 1769 827 1809 nou
841 1749 926 1808 modd
939 1750 1015 1808 inter
1028 1750 1140 1824 Patres,
1174 1759 1177 1764 ’
1274 1755 1275 1824 l

163 1832 267 1889 sedne
281 1829 355 1888 iuter
369 1828 504 1888 consules
517 1829 634 1904 quidem
648 1828 733 1904 ipsos,
749 1828 817 1886 satis
837 1829 1042 1886 conveniebat
1078 1831 1142 1904 Ap·

162 1909 238 1986 pius,
252 1908 430 1967 vehementis
443 1907 555 1983 ingenii
568 1907 620 1980 vir,
628 1906 749 1983 imperio
762 1906 904 1965 consulari
919 1925 980 1965 rem
994 1909 1141 1983 agendam

163 1986 318 2045 censebat:
340 2005 398 2044 uno
412 1995 461 2043 aut
475 1987 564 2047 altero
577 1985 854 2062 arreptnsquieturos
867 1985 947 2044 alios.
989 1985 1140 2056 Servilius,
1152 2003 1179 2044 so

164 2064 278 2123 lenibus
293 2064 428 2122 remediis
443 2063 543 2139 aptior,
557 2064 718 2124 concitatos
732 2065 843 2122 animos
857 2063 947 2138 flecti,
960 2063 1049 2140 qudm
1063 2064 1141 2124 frau-

165 2143 205 2220 gi,
219 2143 338 2221 putabat
351 2161 439 2220 quum
453 2143 551 2212 tutius,
566 2153 627 2204 turn
647 2143 771 2212 facilius,
785 2161 858 2202 esse.

203 2302 320 2362 XXIV.
352 2303 432 2363 Inter
454 2305 517 2364 hec
538 2304 628 2382 major
652 2303 727 2364 alius
750 2315 848 2363 terror.
903 2303 1000 2362 Latini
1027 2305 1141 2379 equites

165 2400 232 2440 oum
247 2383 422 2442 tumultuoso
436 2383 570 2444 advolant
583 2383 695 2452 nuntio,
723 2393 742 2454 ‘f
755 2384 878 2442 Volscos
892 2382 996 2460 infesto
1009 2383 1141 2440 exercitu

165 2462 234 2519 “ad
248 2462 349 2521 urbem
362 2461 587 2540 oppugnandam
610 2463 708 2521 venire
721 2461 757 2519 :”
777 2481 842 2538 quae
856 2462 954 2520 audita
964 2461 1054 2539 (adeo
1068 2463 1142 2519 duas
1151 2481 1178 2523 25

163 2558 201 2598 ex
214 2543 272 2598 uui
285 2541 560 2608 civitatediscordia
580 2542 702 2622 fecerat)
717 2541 802 2618 longe
817 2541 898 2599 aliter
917 2541 1017 2599 Patres
1031 2558 1066 2598 ac
1080 2541 1142 2616 ple·
1213 2576 1216 2580 -
1274 2543 1275 2550 ’

164 2619 231 2677 bem
246 2621 378 2678 affecere.
419 2621 572 2679 Exsultare
587 2620 694 2698 gaudio
706 2620 825 2696 plebes:
848 2618 985 2677 “ultores
999 2619 1142 2695 superbiae

165 2707 185 2736 ‘⁶
197 2698 314 2760 Petrum
329 2701 429 2758 adesse
438 2703 455 2728 '’
478 2701 575 2759 dicere
590 2705 609 2733 “
619 2700 699 2756 Deos
712 2719 718 2756 :
729 2699 748 2726 ”
770 2699 843 2756 alius
857 2698 945 2755 alium
959 2698 1142 2770 confirmare,

164 2795 202 2834 ne
216 2778 334 2834 nomina
348 2779 469 2836 darent:
491 2784 510 2810 “
522 2797 590 2836 cum
603 2777 738 2838 omnibus
751 2775 857 2852 potiris,
871 2777 957 2851 quim
972 2776 1056 2844 soloe,
1067 2776 1144 2851 peri·

122 2893 136 2922 „
165 2858 185 2886 “
196 2864 283 2912 turos.
325 2856 425 2913 Patres
446 2855 612 2929 militarent,
626 2857 727 2914 Patres
751 2873 831 2929 arma
843 2865 991 2930 caperent,
1006 2865 1038 2912 ut
1051 2855 1179 2929 penesa'o

165 2933 314 2990 “eosdem
328 2932 456 3008 pericula
476 2933 555 3006 belli,
576 2952 667 3009 penes
686 2953 758 3009 quos
782 2934 909 3009 premia,
931 2933 1058 2991 essent.”
1101 2933 1144 2992 At

164 3009 234 3070 nard
248 3011 339 3077 curia,
354 3021 455 3070 moesta
468 3029 504 3068 ac
525 3012 637 3088 trepida
660 3012 779 3088 ancipiti
799 3022 877 3070 metu
891 3013 971 3070 et'ab
985 3012 1048 3070 eive
1062 3023 1091 3069 et
1105 3013 1145 3069 ab

166 3090 258 3161 hoste,
280 3089 433 3148 Servilium
457 3091 616 3164 consulem,
641 3091 690 3148 cui
714 3091 864 3167 ingenium
888 3091 981 3166 magis
1004 3091 1143 3166 populare

164 3177 237 3241 erat,
250 3187 342 3241 orare,
356 3180 387 3225 ut
401 3169 489 3228 tantis
502 3169 730 3228 circumventam
741 3170 896 3227 terroribus
907 3170 1056 3245 expediret
1068 3188 1144 3227 rem·

165 3245 320 3323 publicam.
362 3247 441 3312 Turn
458 3247 578 3321 xconsul,
592 3248 680 3306 misso
704 3258 816 3314 senatu,
841 3247 872 3305 in
885 3248 1058 3307 concionem
1079 3257 1181 3323 pro-³⁵

164 3325 226 3383 dit:
248 3324 288 3382 ibi
312 3344 389 3383 curae
413 3345 476 3384 esse
498 3327 632 3386 Patribus
653 3320 788 3394 ostendit,
813 3337 846 3384 ut
859 3327 1025 3386 consulatur
1044 3325 1143 3402 plebi:
1215 3339 1217 3342 ’

163 3403 301 3463 caeterum
324 3404 524 3466 deliberationi
548 3407 586 3466 de
607 3406 734 3465 maximi
757 3405 874 3482 quidem
899 3406 957 3480 illd,
971 3403 1144 3464 'sedtamen
1175 3454 1178 3462 ,

165 3495 244 3558 parte
259 3482 391 3557 civitatis,
405 3494 514 3543 metum
538 3503 590 3560 pro
608 3485 742 3542 universe
758 3483 912 3560 republicd
933 3483 1144 3553 intervenisse·;

165 3579 222 3621 nec
236 3580 329 3637 posse,
343 3581 432 3636 quum
456 3563 553 3622 hostes
577 3561 666 3638 prope
688 3563 725 3620 ad
737 3574 833 3638 portas
855 3573 962 3635 essent,
976 3562 1052 3620 bello
1072 3579 1147 3637 prm·

164 3640 283 3698 vertmse
297 3640 469 3716 quidquam:
492 3659 558 3714 nec,
582 3641 606 3700 si
628 3641 665 3700 sit
685 3641 842 3700 laxamenti
866 3641 983 3716 aliquid,
1002 3650 1052 3699 aut
1065 3640 1184 3715 plebito
1272 3677 1273 3720 2

143 3727 146 3737 “
164 3715 317 3779 honesturn
331 3738 404 3794 esse,
419 3719 476 3778 nisi
497 3720 634 3778 mercede
657 3719 736 3796 priris
748 3721 878 3796 accepti,
892 3737 973 3777 arma
984 3737 1038 3792 pro
1051 3719 1147 3793 patria

164 3813 224 3860 uon
251 3799 383 3878 sepina
415 3817 509 3878 neque
537 3799 670 3862 Patribus
694 3799 763 3862 satis
784 3800 934 3872 decorum,
958 3814 1008 3877 per
1033 3805 1146 3862 netum
