2520 4310
436 361 542 412 nmen
557 327 668 412 xxvii.
685 373 748 443 ως.
764 368 871 412 mm.
1092 333 1153 423 217
1256 333 1257 338 ¹

107 563 111 572 .
180 501 231 578 qui
245 502 363 561 biennio
377 503 443 561 ante
457 512 585 562 mortuus
597 511 668 560 erut.
709 502 776 561 Hoc
786 502 889 560 eodem
899 519 976 560 anno
989 511 1018 560 et
1030 501 1152 564 lustrum

181 583 332 640 conditum
358 591 402 639 est
434 600 452 638 a
485 581 653 641 censoribus
685 580 718 637 P.
746 579 916 658 Sempronio
948 579 1097 639 Tuditano
1122 591 1153 640 e't

182 659 226 717 Μ.
240 660 376 718 Cornelio
389 657 529 737 cethego.
570 659 668 718 Oensa
688 659 795 718 civium
815 659 911 734 capita
923 670 1041 716 centum
1054 659 1153 736 trigin-

2 742 5 763 ·
110 805 112 810 ,
181 746 216 794 ta·
225 738 334 815 septem
349 739 447 813 millia,
462 749 578 796 centum
593 740 717 796 etoctc':
738 739 832 795 minor
845 735 1151 812 aliquantenumerus,

157 817 267 890 squam
290 817 340 891 qui
361 827 427 874 ante
443 817 558 875 'bellum
582 817 681 886 luerat.
723 816 768 874 Eo
791 835 867 874 anno
887 815 1035 893 [primdm.
1047 833 1153 890 exquo

182 893 331 952 Hannibal
345 895 375 952 in
384 896 655 974 *Italiam,venisset]
671 895 820 953 comitium
834 904 944 974 te-cgpm
957 913 1031 968 esse,
1045 912 1153 952 memo
1167 961 1170 968 ⁴

98 1037 100 1040 ,
180 973 231 1032 riae
244 972 386 1048 proditum
409 984 462 1048 est,
483 985 514 1032 et
532 975 616 1031 ludos
640 975 789 1031 Romanos
810 973 899 1030 semel
920 972 1092 1030 instauratos
1116 966 1154 1030 ab

142 1051 312 1163 {edilibus
325 1053 472 1125 curulibus
485 1051 525 1114 Q.
540 1051 660 1108 Metello
673 1062 702 1109 ct
716 1052 750 1108 O.
765 1051 906 1120 Servili03
927 1063 963 1113 et.
977 1051 1096 1126 plebejis
1109 1050 1152 1108 lu·

157 1177 164 1190 .
180 1129 224 1186 dis
238 1129 357 1186 biduum
380 1130 571 1188 instauratum
595 1129 631 1186 ab
650 1129 693 1190 Q.
708 1129 840 1188 Mamilio
852 1138 882 1187 et
895 1127 937 1186 Μ.
953 1128 1074 1188 Oaeoilio
1087 1127 1152 1188 Me·
1256 1115 1257 1178 i

149 1193 163 1275 i
178 1207 246 1266 tello
266 1207 397 1264 aedilibus
419 1209 518 1284 plebis.
560 1207 599 1266 Et
620 1208 674 1264 tria
687 1207 771 1284 signa
784 1209 819 1265 ad
834 1206 950 1265 Cereris
963 1206 1052 1264 iidem
1065 1207 1153 1265 dede·
1256 1229 1257 1288 }

156 1294 261 1347 .runtr
283 1295 312 1342 et
325 1286 406 1343 Jovis
418 1287 535 1363 epulum
550 1287 603 1344 fuit
616 1287 749 1344 ludorum
762 1286 860 1344 causti.
903 1285 1093 1344 Consulatum
1107 1285 1151 1344 in·
1210 1313 1213 1316 ·
1254 1323 1257 1346 ι

142 1339 163 1441 3,
178 1365 216 1422 de
229 1365 332 1421 ineunt
353 1363 388 1420 C.
403 1363 543 1422 Claudius
567 1365 647 1422 Nero
669 1375 699 1422 et
713 1365 754 1422 M.
769 1365 868 1422 Livius
881 1362 995 1431 iterum,
1010 1363 1069 1438 qui,
1083 1361 1151 1437 quia
1256 1413 1257 1424 .

147 1445 163 1534 ἓ
176 1441 237 1517 jam
251 1440 393 1516 designati
414 1443 576 1517 provincias
599 1443 689 1500 sortiti
703 1453 793 1514 erant,
807 1452 942 1518 praetores
955 1442 1047 1500 sortiri
1058 1441 1150 1516 jusso

33 1515 35 1518 ’
141 1530 254 1576 “runt
295 1519 330 1577 Ο.
355 1520 480 1580 Hostilio
503 1521 613 1576 urbana
633 1520 745 1577 evenit:
777 1520 874 1577 addita
893 1529 923 1578 et
942 1519 1104 1594 peregrina,
1117 1529 1151 1577 ut

142 1611 167 1652 ιι
178 1607 235 1654 tres
262 1597 292 1654 in
326 1599 488 1672 provincias
521 1599 600 1655 exire
625 1608 757 1670 possent:
789 1597 827 1653 A.
855 1597 979 1655 Hostilio
1005 1595 1150 1670 Sardinia,

178 1675 213 1732 Ο.
228 1675 359 1734 Mamilio
373 1676 482 1746 Sicilia,
504 1675 538 1732 L.
554 1675 656 1732 Porcio
676 1675 770 1730 Gallia
783 1674 887 1731 evenit.
929 1675 1050 1731 Summa
1062 1674 1151 1749 legit>
1256 1705 1257 1708 ¹

177 1771 248 1810 num
263 1754 348 1811 trium
362 1765 392 1812 et
405 1753 506 1828 viginti
530 1752 570 1810 ita
582 1752 633 1826 pe'r
657 1752 819 1826 provincias
832 1752 933 1824 divisa,
948 1765 980 1808 ut
993 1751 1068 1808 binae
1082 1750 1166 1810 con·‘

175 1833 272 1888 sulum
286 1843 383 1889 essent
392 1850 409 1900 3.
422 1841 542 1906 quatuor
565 1830 708 1904 Hispania
731 1830 865 1899 haberet;
887 1835 945 1886 tres
958 1839 1092 1902 praetores
1106 1829 1148 1888 bi-

176 1927 237 1980 nas,
252 1910 283 1966 in
298 1910 410 1978 Sicilia,
424 1910 455 1967 in
470 1909 614 1979 Sardiniti,
634 1917 664 1965 et
676 1907 790 1976 Gallim
812 1908 883 1984 duas
897 1907 931 1964 C.
946 1907 1104 1964 Terentius
1117 1907 1149 1966 in

138 1987 310 2056 etEtruri2i3
331 1989 403 2046 duas
423 1987 464 2050 Q.
489 1987 608 2044 Fulvius
631 1986 661 2042 in
685 1985 823 2054 Bruttiis3
853 1986 925 2042 duas
947 1985 988 2048 Q.
1007 1985 1149 2045 Claudius

65 2105 68 2112 ·
172 2065 256 2126 circa
269 2066 431 2124 Tarentum
445 2075 474 2123 et
488 2065 662 2123 Sallentinos
674 2083 682 2132 3
700 2077 792 2120 urtam
806 2063 997 2128 O.2Hostilius
1011 2063 1148 2124 Tubulus

122 2209 125 2216 ,
175 2143 302 2218 Capuae3
320 2145 387 2215 ¹dun
401 2144 518 2202 urbanae
538 2145 571 2202 vit
581 2143 785 2202 scriberentur.
826 2142 930 2201 Primis
943 2154 1064 2217 quatuor
1077 2143 1148 2219 legi-

173 2223 278 2280 onibus
289 2223 412 2300 populus
434 2223 565 2282 tribunos
586 2221 709 2280 creavit:
731 2221 761 2278 in
783 2231 903 2280 caeteras
915 2221 1051 2302 consules
1064 2221 1148 2279 mise·

172 2312 250 2358 runt.
863 2306 866 2312 '

135 2470 165 2510 ss
244 2451 376 2512 XXVII.
398 2452 568 2528 Priusquam
591 2441 725 2510 consules
747 2452 1007 2528 proficiscerentur,
1029 2469 1146 2512 novem-

80 2533 82 2538 ’
172 2531 202 2590 di
232 2550 249 2589 e
276 2528 398 2590 sacrum
416 2528 480 2603 fuit,
506 2531 574 2604 quia
597 2531 679 2606 Vejis
703 2532 739 2588 de
759 2531 836 2593 coelo
859 2530 1042 2604 lapidaverat.
1084 2532 1147 2589 Sub

172 2611 258 2668 nnius
281 2609 405 2685 prodigii
431 2607 477 2686 (ut
497 2608 544 2686 fit)
567 2609 752 2676 mentionem,
775 2607 831 2664 alia
851 2625 963 2681 quoque
976 2605 1144 2680 'nuntiatc3

170 2687 330 2748 Minturnis
354 2689 446 2748 aedem
470 2687 549 2744 Jovis
571 2697 601 2745 et
618 2687 716 2744 lucum
730 2685 860 2752 Maricae,
872 2684 942 2741 item
965 2683 1146 2752 Atellaemu·

169 2785 232 2826 rum
256 2778 286 2825 et
308 2777 429 2842 portam,
451 2767 487 2823 de
509 2765 583 2823 crnlo
606 2775 692 2822 tacta.
743 2763 970 2830 Minturnenses,
990 2761 1145 2822 terribilius

133 2847 244 2920 eoquod
258 2855 344 2917 esset,
358 2843 544 2921 adjiciebant,
558 2843 708 2920 sanguinis
721 2843 814 2912 rivum
827 2842 858 2899 in
871 2841 953 2917 portal
966 2839 1082 2900 fluxisse
1092 2853 1145 2922 χοι

169 2924 278 3000 Cepuae
301 2925 396 2999 lupus,
411 2933 497 2982 nocte
520 2933 631 2998 portam
653 2919 809 2998 ingressus,
833 2920 950 2996 vigilem
975 2919 1142 2980 laniaverat.

168 3001 245 3068 Haec
267 3011 419 3076 procurata
440 2999 540 3060 hostiis
566 3001 722 3076 majoribus
752 2999 892 3076 prodigia,
916 3008 946 3056 et
972 2999 1144 3074 supplicatio

168 3080 247 3138 diem
260 3099 350 3138 unum
365 3079 419 3137 suit
431 3098 468 3138 ex
480 3081 598 3137 decreto
616 3079 786 3153 pontificum
799 3097 806 3135 ε
827 3078 896 3135 inde
909 3077 1013 3142 iterum
1027 3095 1142 3136 novem·

167 3158 243 3216 diale
257 3159 454 3232 instauratum,
478 3157 555 3234 quod
572 3159 610 3215 -in
632 3158 805 3218 Armilustro
818 3154 960 3232 lapidibus
974 3155 1066 3213 visum
1079 3156 1141 3234 plu·

39 3251 44 3262 ·
132 3253 225 3296 abere.
266 3237 416 3295 Liberatus
428 3237 569 3312 religione
582 3245 695 3293 mentes
715 3235 841 3293 turbavit
853 3252 952 3292 rursus
964 3234 1140 3301 nuntiatum,

166 3315 329 3374 Frusinone
344 3314 484 3372 infantem
498 3326 599 3372 natum
617 3333 681 3372 esse
694 3314 844 3389 quadrimo
857 3331 971 3388 parem3
992 3329 1049 3368 nec
1062 3325 1142 3386 meg·

166 3393 300 3451 nitudine
313 3402 373 3449 tarn
392 3392 566 3462 mirandum,
580 3392 665 3466 quim
679 3385 755 3467 qudd
771 3391 796 3449 is
810 3409 933 3466 quoque,
948 3398 981 3446 ut
994 3387 1140 3444 Sinuessa

166 3470 286 3530 biennio
299 3468 528 3542 antesineertus,
543 3487 605 3526 mas
618 3488 655 3526 an
665 3470 783 3527 soemina
795 3476 980 3541 esset‚natus
992 3473 1062 3520 erat.
1081 3536 1087 3552 Α
1104 3461 1140 3521 Id

166 3548 233 3607 verri
247 3547 406 3623 aruspices,
418 3564 455 3604 ex
467 3545 585 3604 Etrurii
598 3548 694 3615 acciti,
710 3547 819 3606 foedum
832 3565 867 3603 ac
880 3554 963 3618 turpe
976 3540 1140 3617 prodigium

130 3627 284 3688 mdioere:
306 3634 447 3683 extorrem
461 3643 530 3701 agro
551 3625 696 3694 Romano,
710 3624 810 3702 procul
823 3634 907 3680 terre
921 3626 1068 3691 contactu,
1083 3617 1141 3679 alto

165 3703 366 3782 mergendum.
408 3700 515 3762 Vivum
529 3703 560 3761 in
574 3722 671 3762 arcam
692 3703 859 3772 condidere,
872 3704 1094 3785 provectumque
1108 3696 1139 3755 iu

98 3811 118 3866 g
164 3801 244 3845 mare
254 3780 446 3862 projecerunt.
487 3781 650 3844 Decrevere
663 3782 733 3840 item
743 3777 904 3857 pontifices,
915 3783 947 3834 ut
959 3789 1085 3852 virgines
1095 3783 1139 3834 ter
