2520 4310
430 405 433 412 ¹
478 343 587 394 unna
601 341 687 392 xxx.
704 352 769 395 cra
784 352 841 392 m.
893 320 895 323 ’
961 363 966 378 ·
1092 339 1154 400 245

139 485 215 550 Sui
229 485 364 548 consules
376 485 434 546 θη.
456 486 610 547 Cornelius
623 485 776 560 Lentulus,
782 485 823 562 ¹P.
839 483 934 544 AElius
948 483 1060 542 Petus:
1082 502 1153 560 pre·

139 551 160 629 8.
176 578 262 636 tores,
277 567 321 626 M.
335 568 442 626 lunius
462 568 591 634 Pennus,
615 567 665 626 cui
676 583 737 627 sors
751 565 862 628 urbana
875 563 988 632 evenit3
1010 562 1053 620 M.
1067 564 1168 625 Vale.

145 633 160 714 ‘i
176 648 236 706 rius
260 647 344 707 Falto
364 647 498 719 Bruttios,
524 646 565 704 M.
581 645 692 704 Fabius
714 643 807 704 Buteo
821 643 997 716 Sardiniam,
1011 643 1044 701 P.
1059 643 1153 702 AElius

140 765 160 804 Α
176 727 297 785 Tubero
311 727 441 786 Siciliam
455 729 500 786 est
512 726 637 786 sortitus.
678 723 724 782 De
745 723 900 800 provinciis
914 722 1067 782 consulum
1081 722 1154 780 nihil

139 804 161 884 ἢ
177 805 245 864 ante
259 807 392 882 placebat
405 807 462 885 agi,
476 805 562 882 quiam
583 805 670 882 legati
679 803 809 882 Philippi
830 804 906 880 regis
927 814 956 860 et
969 801 1156 879 Carthagini·

145 889 160 946 ‘i
176 885 291 944 ensium
315 887 406 945 auditi
430 898 545 946 essent:
567 885 635 943 belli
654 885 741 943 linem
756 885 883 957 alterius,
896 883 1070 960 principium
1086 882 1155 942 ulte·

138 949 166 1002 3⁴
176 965 245 1034 rius,
260 967 474 1042 prospiciebant
487 965 600 1024 animis.
642 964 698 1023 Cn.
713 964 855 1022 Lentulus
875 963 976 1022 consul
995 961 1155 1039 cupiditate

175 1043 316 1121 flagrabat
328 1046 483 1121 provinciae
494 1045 622 1113 Africe3
644 1062 696 1100 seu
709 1043 816 1101 bellum
831 1043 918 1116 foret,
935 1041 1050 1112 facilem
1064 1042 1154 1100 victo-

174 1122 256 1192 riam,
271 1141 322 1182 seu
340 1124 400 1200 jam
424 1125 563 1196 finiretur,
584 1123 658 1182 liniti
672 1123 744 1180 tanti
766 1122 834 1180 belli
852 1141 883 1179 se
898 1122 1018 1191 consule
1032 1120 1155 1197 gloriam

116 1257 121 1265 .
139 1211 165 1253 1⁰
174 1213 283 1278 petens.
324 1204 442 1280 Negare
455 1204 552 1279 itaque
565 1203 646 1279 priris
658 1202 814 1278 quidquam
829 1202 876 1278 agi
890 1219 1052 1276 passurum,
1065 1200 1153 1275 quim
1182 1218 1199 1240 ··

174 1281 229 1340 sibi
243 1282 345 1346 Africa
365 1284 482 1341 decreta
495 1294 581 1352 esset,
596 1283 777 1340 concedente
791 1281 914 1358 collegia,
931 1282 1079 1340 moderato
1094 1279 1154 1339 viro

174 1370 205 1418 et
217 1362 370 1436 prudenti;
392 1362 440 1437 qui
464 1362 562 1438 glorlae
585 1362 648 1439 ejus
669 1371 816 1419 certamen
838 1380 906 1419 cum
922 1361 1068 1437 Scipione,
1083 1378 1155 1435 pre·

175 1452 305 1514 terquam
320 1439 397 1514 quod
411 1441 543 1516 iniquum
556 1451 642 1507 esset,
656 1440 744 1497 etiam
759 1441 850 1516 impar
864 1440 992 1498 futurum
1005 1439 1153 1498 cernebat.

173 1516 223 1584 Q..
231 1518 381 1577 Minucius
401 1519 550 1579 Thermus
573 1529 603 1576 et
626 1518 744 1576 Manius
765 1518 880 1577 Acilius
893 1520 1021 1588 Glabrio,
1044 1519 1153 1578 tribuni

140 1597 277 1674 replebis,
307 1603 408 1666 “rem,
432 1599 526 1674 priore
540 1617 628 1656 anno
658 1598 851 1673 nequidquam
878 1608 1016 1656 tentatam
1038 1600 1075 1657 ab
1102 1598 1152 1657 Ti.

176 1676 332 1736 “Claudio
345 1678 474 1746 consule,
496 1678 552 1736 Cu.
567 1677 736 1736 Cornelium
751 1678 892 1745 tentare,’¹
908 1678 1033 1754 ajebant.
1075 1687 1095 1714 ‘⁸
1106 1678 1154 1736 Ex

175 1757 374 1814 “auctoritate
390 1757 506 1815 Petrum
528 1758 618 1814 latum
642 1757 678 1814 ad
700 1757 836 1832 populum
861 1775 934 1830 esse,
949 1757 1033 1833 cujus
1048 1756 1154 1816 vellent

176 1835 357 1912 “imperium
382 1837 412 1894 in
427 1837 530 1894 Africi
551 1855 623 1894 esse.
665 1835 779 1894 Omnes
792 1837 918 1912 quinque
932 1847 961 1894 et
974 1836 1092 1913 triginta
1106 1837 1154 1894 tri·

175 1915 260 1973 “bus
273 1916 306 1973 P.
321 1917 452 1992 Scipioni
476 1916 506 1973 id
528 1916 680 1991 imperium
702 1916 868 1973 decresse?
910 1915 1011 1974 Multis
1032 1926 1154 1974 conten-

137 2007 164 2048 ιιι
174 1992 301 2053 tionibus
314 2006 344 2052 et
367 1996 397 2053 in
422 2006 525 2053 senatu
539 2006 568 2053 et
591 1995 627 2052 ad
641 1995 779 2070 populum
803 2005 878 2068 acta,
898 2016 944 2053 res
957 1994 1101 2073 postremo
1115 1994 1151 2054 eb

174 2073 300 2132 deducta
313 2084 366 2148 est,
391 2086 422 2134 ut
442 2075 556 2133 senatui
575 2074 782 2151 permitterent.
834 2075 934 2133 Patres
958 2075 1045 2152 igitur
1063 2075 1152 2161 jurati

175 2150 229 2230 (ita
242 2153 321 2212 enim
346 2157 534 2235 conuenerat)
560 2165 747 2223 censuerunt,
773 2152 815 2212 uti
840 2155 975 2214 consules
988 2156 1151 2232 provincias

171 2231 247 2290 iuter
260 2252 291 2302 se
305 2245 515 2310 compararent,
538 2235 753 2303 sortirenturve,
776 2245 840 2292 uter
860 2235 987 2309 ltaliam,
1001 2247 1065 2294 uter
1078 2237 1153 2294 clas·

171 2329 233 2369 sem
247 2313 364 2371 navium
388 2314 597 2392 quinquaginta
620 2315 748 2372 baberet.
789 2314 848 2372 cui
862 2315 963 2373 classis
976 2315 1151 2390 obvenisset,

137 2389 203 2447 sain
218 2390 348 2449 Siciliam
374 2395 538 2469 navigaret:
559 2395 584 2450 si
598 2413 655 2468 par
675 2413 743 2450 cum
767 2393 1059 2470 Carthaginiensibus
1073 2415 1152 2455 com·

171 2469 240 2546 poni
254 2472 409 2544 nequisset,
431 2472 461 2528 in
476 2471 607 2528 Africam
632 2472 786 2546 trajiceret.
828 2472 938 2530 Consul
953 2474 1036 2547 mari,
1051 2475 1151 2550 Scipio

171 2549 285 2617 eodem,
297 2569 354 2626 quo
368 2551 473 2618 adbuc,
485 2550 549 2626 jure
564 2549 676 2624 imperii
696 2550 783 2622 terri,
796 2569 857 2608 rem
871 2561 993 2626 gereret.
1035 2553 1068 2610 Si
1082 2572 1151 2612 con·

171 2628 296 2687 ditione
303 2629 499 2688 ‘convenirent
512 2629 602 2704 pacis,
617 2628 725 2686 tribuni
738 2629 830 2704 plebis
850 2631 986 2705 populum
1005 2643 1149 2707 rogarent,

172 2707 267 2766 utrum
288 2709 448 2782 consulem,
476 2727 513 2765 an
537 2708 569 2765 P.
585 2707 763 2784 Scipionem,
785 2709 921 2784 juberent
939 2728 1041 2785 pacem
1056 2710 1148 2782 dare;

136 2796 310 2864 auetquem,
335 2789 359 2847 si
383 2789 578 2865 deportandus
599 2787 745 2846 exercitus
765 2787 857 2846 victor
879 2808 915 2846 ex
936 2789 1040 2847 Africis
1063 2801 1148 2866 esset,

132 2867 330 2944 uldeportare.
372 2869 404 2926 Si
428 2887 531 2944 pacem
555 2887 606 2943 per
627 2868 659 2925 P.
674 2867 841 2943 Scipionem
865 2869 937 2942 dari,
952 2881 1036 2945 atque
1051 2872 1087 2928 ab
1101 2890 1149 2931 eo·

130 2947 238 3030 gadem
252 2948 411 3005 exercitum
425 2947 567 3024 deportari
586 2947 749 3023 jussissent,
769 2966 806 3005 ne
820 2949 921 3006 consul
944 2969 980 3007 ex
1001 2950 1148 3011 Siciliain

134 3024 302 3109 3aAfricam
327 3028 479 3103 trajiceret.
521 3027 604 3084 Alter
618 3027 730 3100 consul,
747 3027 796 3085 cui
810 3025 894 3086 Italia
908 3030 1061 3106 evenisset,
1076 3032 1148 3091 duas

170 3105 301 3182 legiones
314 3125 331 3164 a
344 3106 387 3165 M.
403 3108 505 3166 Sextio
517 3117 638 3183 praetore
653 3107 807 3183 acciperet.

136 3277 163 3319 ac
211 3265 292 3323 XLI.
314 3267 417 3325 Publio
439 3267 568 3344 Scipioni
590 3285 658 3325 cum
682 3267 866 3340 exercitibus,
890 3287 961 3344 quos
975 3270 1104 3339 liaberet,
1119 3271 1149 3329 in

171 3342 443 3418 provinciiAsrici
466 3357 650 3422 prorogatum
672 3347 834 3423 imperium.
857 3347 994 3406 'Praetori
1010 3348 1051 3405 M.
1064 3349 1149 3407 Vale·

171 3421 215 3481 rio
228 3421 343 3481 Faltoni
356 3424 422 3480 due
435 3425 565 3500 legiones
578 3425 609 3482 in
624 3425 754 3501 Bruttiis,
775 3427 880 3503 quibus
894 3428 929 3485 C.
944 3427 1044 3485 Livius
1055 3428 1148 3504 priore

171 3520 249 3560 anno
261 3502 423 3578 prefuerat,
448 3504 573 3561 decretae
584 3523 592 3574 ;
614 3504 647 3562 P.
663 3505 758 3565 AElius
770 3523 875 3582 praetor
888 3508 962 3563 duas
973 3505 1105 3582 legiones
1118 3509 1149 3566 in

171 3581 273 3638 Sicilia
285 3581 321 3638 ab
335 3581 391 3640 On.
406 3581 565 3641 Tremellio
579 3584 733 3660 acciperet.
775 3587 867 3664 Legio
881 3605 940 3642 una
954 3584 996 3643 M.
1011 3585 1104 3645 Fabio
1117 3587 1149 3646 in

135 3675 161 3718 to
171 3660 345 3729 Sardiniam,
360 3680 446 3737 quam
467 3662 500 3722 P.
514 3662 656 3722 Lentulus
679 3685 730 3742 pro
744 3677 864 3741 pretore
878 3664 1035 3734 habuisset,
1050 3667 1150 3726 decer·

170 3739 257 3800 nitur.
300 3739 343 3798 Μ.
368 3742 490 3822 Servilio
510 3743 616 3820 prioris
638 3745 708 3804 anni
730 3745 853 3817 consuli,
875 3763 942 3802 cum
964 3745 1025 3804 suis
1037 3746 1151 3806 duabus

170 3821 239 3880 item
254 3820 426 3898 legionibus,
438 3823 470 3882 in
483 3823 602 3883 Etrurii
615 3835 797 3904 prorogatum
812 3824 966 3900 imperium
979 3836 1031 3886 est.
1058 3826 1150 3892 Quod

529 3903 589 3962 21*
