2520 4310
234 285 252 311 d

69 315 127 378 184
367 372 369 376 ,
469 314 548 397 ,τιτι
564 315 650 370 trvrr

168 420 181 448 ὲ
820 439 824 448 .

69 468 152 536 “que
166 459 319 518 Romanus
342 458 447 528 voluit3
468 477 534 536 ego,
559 469 592 516 ut
612 457 762 516 consulem
787 457 894 518 ducem
910 457 1046 520 adversus
1099 513 1102 522 .

17 537 20 542 ’
68 540 295 597 “Hannibalem
309 558 344 596 ac
359 539 463 596 Poenos
488 539 640 608 haberetis,
663 538 724 613 ipse
738 557 785 600 me
802 537 871 596 huic
886 539 1045 613 voluntario

68 619 252 676 “certamini
266 618 375 687 obtuli3
397 637 472 676 novo
485 617 649 694 imperatori
664 619 843 693 apudnovos
857 617 965 675 milites
978 639 1046 694 pau·
1066 651 1069 654 ·

68 705 88 736 ‘⁶
99 712 135 756 ca·
149 698 386 756 verbafacienda
410 708 486 755 sunt
527 697 558 755 N
560 717 576 754 e
589 716 683 773 genus
698 696 775 764 belli,
790 715 864 756 neve
878 697 992 770 hostem
1006 699 1048 776 ig-

67 779 86 808 “
97 777 223 846 noretis3
245 796 312 834 curn
327 777 364 834 iis
374 787 418 834 est
429 777 519 848 vobis,
533 776 647 846 milites,
661 775 862 852 pugnandum,
877 773 949 851 quos
970 779 1048 838 terra
1069 800 1082 840 ⁵

68 864 87 894 ⁸‘
96 857 225 931 marique
238 857 332 932 priore
347 856 423 914 bello
444 855 573 924 vicistis3
595 855 729 929 aquibus
750 855 926 930 stipendium
941 876 992 932 per
1008 859 1048 916 vi-

66 937 85 967 “
97 936 170 1011 giuti
185 955 276 1007 annos
289 935 428 1012 exegistis
440 955 449 1003 ς
471 936 605 1009 aquibus
626 945 711 1009 capta
724 935 792 992 belli
806 935 935 1011 praemia,
950 935 1048 994 Sicili-

67 1022 144 1093 ⁸‘,am
159 1035 194 1072 ac
209 1015 383 1087 Sardiniam,
408 1014 536 1072 habetis..
572 1013 636 1070 Erit
659 1013 746 1089 igitur
759 1014 799 1093 'in
815 1015 871 1071 hoc
885 1016 1045 1074 certamine

67 1102 86 1131 “
97 1093 122 1151 is
136 1095 216 1156 vobis
230 1094 342 1168 illisque
353 1093 489 1165 'animus
503 1092 552 1167 qui
573 1093 730 1161 victoribus
744 1096 773 1150 'et
787 1092 871 1151 victis
884 1113 947 1150 esse
961 1095 1041 1154 solet.

66 1173 162 1230 “Nec
177 1192 256 1231 nuuc
271 1173 323 1244 illi,
347 1174 414 1247 quia
435 1173 554 1240 audent,
580 1172 630 1228 sed
640 1172 714 1245 quia
728 1191 849 1234 necesse
863 1183 915 1239 est,
932 1171 1078 1250 pugna-1⁰

65 1254 84 1284 “
95 1253 152 1310 turi
166 1263 233 1309 sunt
242 1272 249 1322 ;
272 1251 470 1319 nisi-creditis,
485 1252 534 1326 qui
555 1251 685 1308 exercitu
699 1251 839 1309 incolumi
854 1271 978 1328 pugnarn
993 1253 1043 1311 de-

65 1331 266 1405 “trectavbre
291 1331 487 1399 eoa-duabus
506 1331 635 1407 partibus
657 1330 789 1407 peditum
813 1331 998 1406 equitumque
1012 1333 1043 1392 in

64 1409 362 1486 “transitu'Alpium
390 1411 503 1487 arnissis
529 1408 630 1486 (quum
658 1410 755 1486 plures
775 1430 859 1487 paene
895 1411 1043 1486 perierint,
1116 1445 1119 1450 ·

6 1551 12 1561 ,
64 1491 177 1565 “quam
192 1496 368 1570 supersunt),
383 1491 447 1566 plus
461 1489 521 1565 spei
545 1501 647 1548 nactos
670 1501 764 1567 esse·
786 1490 849 1548 ‘At
867 1491 946 1548 enirn
958 1491 1044 1566 pauci

63 1573 83 1602 “
94 1573 102 1601 ⁶
114 1570 229 1645 quidem
246 1581 321 1641 sunt,
337 1571 388 1627 sed
401 1570 532 1646 vigentes
547 1569 651 1638 animis
674 1569 909 1645 corporibusque,
923 1579 1079 1645 quorum1⁵

63 1657 83 1685 ‘⁶
97 1650 215 1707 ‘robora
227 1669 261 1706 ac
276 1650 350 1707 vires
364 1649 412 1707 vix
426 1649 568 1706 sustinere
582 1649 624 1706 ris
638 1648 696 1706 ulla
707 1649 809 1724 possit!
823 1649 830 1676 ‘
853 1649 984 1726 Effigies
994 1650 1044 1707 irn-

63 1731 82 1759 “
93 1726 141 1785 md
155 1729 264 1786 umbrae
279 1729 438 1796 hominum,
455 1728 540 1802 fame,
552 1728 667 1804 frigore,
689 1727 797 1799 illuvie,
813 1729 944 1803 squalore
958 1731 1044 1810 eripe·
1118 1767 1123 1775 -

64 1810 83 1840 “
94 1807 125 1878 ti,
141 1809 254 1866 contusi
269 1828 303 1865 ac
318 1808 457 1866 debilitati
473 1809 547 1866 inter
569 1827 638 1865 sarra
651 1827 810 1884 rupesque:
833 1809 868 1864 ad
883 1809 955 1880 haec,
968 1805 1041 1882 'prae-

65 1887 151 1944 “usti
167 1898 255 1960 artus,
270 1888 335 1945 nive
350 1889 477 1964 rigentes
488 1887 581 1980 pervi,
597 1889 725 1945 membra
739 1887 845 1945 torrida
865 1887 942 1964 gelu,
957 1905 1040 1960 quas-

64 1967 156 2024 “sata
180 1967 326 2041 fractaque
350 1986 439 2039 arma,
461 1953 558 2024 cla'ri'di
582 1987 616 2024 ac
638 1967 749 2025 debiles
772 1967 848 2041 equi.
889 1965 965 2023 Cum
983 1967 1079 2024 hocas

64 2045 198 2120 “equite
209 2057 276 2102 curn
292 2047 347 2102 hoc
357 2046 454 2120 pedite
466 2046 618 2121 pugnaturi
633 2047 703 2104 estis
716 2066 721 2103 :
743 2046 878 2120 reliquias
898 2056 1041 2104 extremas
1078 2048 1081 2056 ’

63 2117 227 2194 “hostiurn,
250 2143 309 2180 non
334 2125 438 2196 hostes,
465 2125 616 2183 habebitis.
658 2127 707 2183 Ac
730 2125 802 2182 nihil
824 2125 916 2200 magis
931 2143 1039 2193 vereor,

64 2209 83 2238 “
94 2200 181 2276 qulam
196 2221 243 2270 ne,
259 2221 308 2260 vos
331 2222 419 2278 quum
443 2205 651 2280 pugnaveritis,-
663 2205 754 2279 Alpes
772 2203 874 2260 vicisse
889 2202 1041 2259 Hanniba-

63 2280 147 2348 “lem
172 2281 330 2338 videantur.
381 2283 440 2340 Sed
463 2283 503 2339 ita
527 2283 646 2341 forsitan
667 2284 775 2354 decuit,
805 2301 872 2339 curn
895 2281 1039 2338 foederum

1 2412 2 2420 ,
22 2421 28 2434 ,
64 2367 209 2434 “ruptore
224 2361 299 2418 duce
314 2379 348 2417 ac
363 2361 468 2436 populo
482 2361 561 2419 Deos
575 2363 660 2438 ipsos,
676 2363 738 2421 sine
754 2361 812 2418 ulla
830 2360 962 2417 'humanit
974 2377 1041 2434 ope,
1051 2374 1079 2414 as

63 2440 270 2496 “committere
285 2449 319 2498 ac
333 2439 484 2516 profligare
498 2441 605 2504 bellum
617 2461 631 2510 ;γ
648 2441 711 2508 nos,
723 2441 772 2515 qui
786 2441 948 2496 secundum
962 2438 1042 2498 Deos

56 2520 81 2561 ⁴¹
90 2518 187 2576 violati
200 2539 309 2588 sumus,
325 2513 512 2578 commissum
527 2540 561 2578 ac
575 2520 759 2597 profligatum
773 2519 927 2578 conficere.
944 2590 953 2602 ..
972 2533 980 2555 ”
1018 2574 1021 2582 ,

625 2607 629 2616 .
746 2641 749 2648 Ι
946 2603 963 2648 ᾖ

53 2681 56 2688 '
100 2676 183 2736 XLI.
207 2679 306 2737 “Non
331 2697 440 2752 vereor,
463 2698 502 2737 ne
528 2679 592 2754 quis
614 2698 660 2736 me
682 2679 739 2736 hoc
760 2678 847 2735 vestri
870 2677 1041 2734 adhortandi

63 2764 82 2792 “
93 2757 182 2816 causa
196 2759 350 2834 magnifice
365 2759 441 2832 loqui
456 2760 619 2828 existimet3
642 2759 736 2834 ip‘sum
750 2757 833 2814 aliter
849 2757 946 2816 animo
957 2757 1041 2813 affec·
1104 2815 1107 2818 .

62 2837 153 2892 “turn
168 2855 240 2893 esse.
283 2837 381 2894 Licuit
402 2839 443 2894 in'
456 2839 638 2914 Hispaniam,
662 2837 841 2912 provinciam
866 2832 971 2903 meam,
985 2833 1039 2909 qud
1050 2847 1077 2888 ³⁰

62 2914 146 2991 “jam
162 2915 306 2988 profectus
320 2935 409 2989 eram,
424 2937 491 2975 curn
505 2918 634 2975 exercitu
655 2916 697 2974 ire
712 2935 795 2985 meo;
818 2915 868 2972 ubi
882 2926 911 2972 et
926 2916 1039 2972 fratrem

61 2992 206 3066 “consilii
229 2995 398 3069 participem
413 2993 458 3053 ·‘ac
482 2997 604 3073 periculi
627 2996 739 3053 socium
760 2995 908 3061 haberem,
923 3004 953 3051 et
967 2993 1042 3058 Has·

62 3080 81 3108 ‘⁶
93 3071 244 3128 drubalem
267 3071 370 3148 potiris,
385 3073 471 3147 qulam
492 3075 699 3142 Hannibalern,
720 3075 841 3141 hostem,
857 3085 886 3129 et
899 3073 1041 3130 minorem

40 3169 43 3176 ·
62 3151 269 3208 “hauddubie
293 3152 397 3209 molem
419 3152 506 3210 belli:
528 3166 636 3228 tamen,
651 3174 739 3229 quum
753 3153 977 3229 praeterveherer
991 3169 1042 3208 na·
1094 3209 1099 3218 ,

4 3237 7 3244 ’
62 3232 80 3262 “
92 3229 175 3286 vibus
185 3229 287 3286 Galliae
300 3251 390 3303 oram,
406 3233 442 3288 ud
457 3232 561 3290 famam
577 3235 663 3311 hujus
678 3233 767 3292 hostis
782 3234 811 3291 in
826 3243 930 3292 terram
944 3249 1041 3305 egres·
1052 3245 1090 3297 aa

61 3309 80 3340 “
92 3328 151 3382 sus,
164 3309 311 3385 praemisso
325 3311 462 3385 equitatu,
475 3313 511 3368 ad
523 3311 702 3370 Rhodanum
716 3312 791 3370 mori
805 3322 907 3370 castra.
931 3309 1043 3383 Eques·
1059 3324 1061 3329 ·

61 3389 129 3448 “tri
142 3387 252 3465 proelic,
268 3389 325 3468 quft
346 3401 426 3464 parte
448 3391 595 3466 copiarum
607 3393 780 3450 conserendi
795 3409 914 3448 manum
928 3389 1043 3448 fortuna

61 3469 159 3528 ‘'‘data
183 3479 236 3542 est,
259 3469 370 3526 hostem
395 3469 476 3527 fudi:
499 3471 628 3545 pediturn
651 3490 767 3547 agmen,
786 3470 862 3545 quod
878 3470 908 3526 in
923 3469 1041 3526 modurn

62 3547 267 3624 “fugientium
290 3547 392 3624 raptim
416 3550 564 3625 agebatur,
589 3551 784 3630 quiaas‘sequi
798 3549 876 3607 terral
889 3568 949 3605 non
963 3557 1043 3622 pote·
1107 3597 1111 3603 .

60 3628 79 3657 ‘¹
90 3643 163 3694 ram,
179 3647 326 3704 regressus
348 3628 383 3684 ad
404 3647 500 3698 nares,
515 3630 623 3703 quanta
647 3625 774 3687 maxime
789 3629 938 3686 celeritate
952 3625 1042 3702 potui,
1053 3649 1079 3690 tu

62 3710 81 3738 “
91 3713 171 3762 tanto
185 3708 271 3765 maris
284 3718 480 3782 terrarumque
494 3708 628 3776 circuitu,
644 3709 673 3765 in
688 3709 835 3788 radicibus
857 3707 978 3782 Alpium
991 3705 1040 3762 ob·
1131 3776 1133 3779 Ι

61 3781 80 3813 “
92 3780 155 3842 vius
174 3783 223 3842 sui.
266 3786 346 3848 Huic
368 3786 498 3846 timendo
522 3786 596 3844 hosti
617 3788 722 3860 atrurn,
747 3805 836 3863 quum
861 3787 1040 3846 declinarem
