2556 4314
527 311 634 363 LIBER
649 311 680 362 V.
698 323 762 362 car.
784 325 874 364 xxvn.
1130 315 1188 375 113

172 448 354 518 :consulari
366 463 518 530 potestate,
531 453 566 512 L.
580 452 687 513 Furius
707 453 887 516 Medullinus
905 452 1024 524 sextum,
1038 453 1073 514 0.
1088 453 1181 516 AEmi·

172 519 272 604 ilius,
301 532 335 590 L.
360 533 496 592 Valerius
519 533 679 607 Publicola,
705 534 755 610 Sp.
779 533 954 603 Postumius,
977 533 1010 592 P.
1028 534 1181 594 Cornelius

177 595 191 678 Ξ
207 610 322 669 iterum.
363 611 511 688 Principio
524 613 594 670 anni
607 611 714 670 tribuni
727 611 820 689 plebis
833 613 905 670 nihil
919 623 1078 687 moverunt,
1088 615 1181 674 donec

171 730 190 765 ὲ
207 687 251 747 Μ.
266 689 373 750 Furius
387 691 527 750 Camillus
540 690 571 750 in
585 689 724 758 Faliscos,
752 691 802 748 cui
826 690 855 748 id
883 691 990 750 bellum
1014 691 1180 751 mandatum

170 767 279 847 dierat,
300 770 540 845 proficisceretur.
581 769 750 827 Differendo
774 769 881 827 deinde
905 769 1037 846 elanguit
1057 787 1121 840 res;
1152 780 1182 830 ct

175 846 340 933 §Camilla
364 867 451 924 quem
472 848 666 906 adversarium
687 848 815 905 maxime
836 847 1015 916 metuebant,
1037 849 1129 924 gloria
1150 849 1182 908 in

168 923 328 984 “Faliscis
340 928 439 985 crevit.
473 927 567 994 Nam,
582 945 670 1002 quum
683 925 775 1002 primd
789 927 934 984 moenibus
948 947 979 985 se
993 927 1090 986 hostes
1103 937 1183 986 tene·

202 1014 277 1077 rent,
291 1005 465 1064 tutissimum
479 1005 508 1064 id
521 1005 586 1074 rati,
600 1005 784 1082 populatione
803 1023 937 1081 agrorum
951 1015 1037 1081 atque
1052 1005 1183 1064 incendi·

201 1081 226 1139 is
241 1075 371 1141 villarum
386 1083 484 1162 coegit
507 1103 557 1142 eos
581 1083 796 1160 egredi'urbe3
818 1084 869 1140 sed
883 1083 969 1142 timor
989 1083 1103 1160 longiis
1116 1103 1181 1160 pro-

168 1172 192 1214 1⁰
200 1161 282 1237 gredi
303 1161 457 1238 prohibuit.
499 1161 581 1220 Mille
604 1163 662 1222 lere
683 1181 821 1240 passuum
845 1161 881 1219 ab
902 1162 1008 1240 oppido
1031 1173 1126 1220 castra
1138 1163 1181 1222 lo·

200 1249 288 1310 cant3
309 1242 390 1299 nulli
403 1261 435 1300 re
448 1241 505 1300 alis
518 1242 641 1300 fidentes
654 1261 691 1299 ea
710 1241 779 1299 satis
792 1250 855 1299 tuta
868 1259 941 1311 esse,
956 1242 1042 1318 quim
1056 1241 1179 1305 difficul-

200 1327 258 1376 tate
281 1320 385 1388 aditds,
410 1319 517 1396 asperis
535 1319 769 1396 confragosisque
794 1319 883 1389 circi,
906 1329 935 1378 et
955 1321 1062 1396 partim
1080 1320 1178 1398 arctis,

199 1397 304 1473 partim
327 1399 427 1458 arduis
447 1396 509 1457 viis.
551 1398 695 1457 Oaeterdm
716 1399 869 1472 Camillus,
889 1399 1035 1475 captivum
1049 1385 1179 1458 iudicem

199 1487 236 1534 ex
250 1477 327 1554 agris
340 1487 459 1535 secutus
482 1477 598 1550 ducem,
620 1477 721 1535 castris
745 1477 836 1534 multd
858 1488 945 1535 nocte
968 1479 1068 1552 motis,'
1083 1479 1178 1555 primi

165 1553 268 1612 uluoe
292 1553 438 1630 aliquantd
464 1555 657 1630 superioribus
681 1555 754 1613 locis
777 1574 809 1612 se
832 1555 966 1613 ostendit.
1020 1556 1178 1616 Trisariam

200 1632 332 1691 Romani
356 1633 544 1692 muniebant:
566 1633 638 1690 alius
661 1633 806 1691 exercitus
819 1634 920 1709 proelio
933 1633 1063 1691 intentus
1076 1636 1177 1693 stabat.

199 1709 247 1768 Ibi
262 1711 403 1786 impedire
425 1731 497 1788 opus
521 1722 639 1770 conatos
660 1712 757 1770 hostes
771 1712 866 1769 fundit
880 1711 1034 1788 fugatque;
1055 1722 1180 1772 tantum·

198 1807 255 1864 que
269 1789 339 1848 inde
352 1789 465 1866 pavoris
489 1789 623 1848 Faliscis·
635 1789 778 1866 injectum
801 1800 854 1868 est,
870 1801 910 1858 ut,
930 1789 1023 1848 effusi
1036 1789 1105 1868 lugd
1118 1811 1180 1851 cas·

197 1877 242 1925 tra
255 1887 317 1936 sua,
332 1887 396 1944 quae
409 1867 542 1944 propiora
555 1879 647 1936 erant,
667 1867 789 1944 praelati,
804 1870 906 1926 urbem
919 1878 1059 1945 peterent.
1101 1867 1179 1930 Mul·

163 1963 190 2005 at
199 1946 221 2004 ti
233 1947 302 2004 caesi
325 1947 532 2022 vulneratique,
554 1949 721 2023 priusquam
741 1957 879 2024 paventes
891 1947 981 2024 portis
995 1948 1177 2025 incidepent:

199 2036 297 2084 castra
309 2033 408 2101 capta3
428 2025 527 2102 praeda
545 2026 583 2082 ad
597 2036 752 2101 quaestores
766 2027 884 2084 redacta
899 2045 968 2086 curn
982 2027 1088 2104 magnai
1101 2029 1176 2088 mili-

198 2114 262 2162 tum
276 2103 320 2164 ire
334 2125 341 2162 ι
363 2104 423 2172 sed,
448 2104 598 2165 severitate
620 2105 743 2181 imperii
757 2105 837 2178 victi,
852 2107 986 2164 eamdem
1000 2107 1133 2166 virtutem
1147 2120 1177 2167 et

197 2183 327 2252 oderant,
350 2193 379 2243 et
401 2183 588 2242 mirabantur.
636 2183 762 2242 Obsidio
788 2184 857 2242 inde
878 2185 966 2257 urbis¹
988 2194 1018 2242 et
1038 2187 1174 2246 munitio-

198 2279 259 2334 nes,
273 2272 303 2321 et
324 2262 469 2324 interdum
490 2281 541 2339 per
563 2262 749 2322 occasionem
772 2264 897 2339 impetus
920 2263 1129 2340 oppidanorum
1144 2266 1176 2325 in

160 2339 346 2404 ssRomanas
370 2341 517 2409 stationes,
539 2341 697 2418 proeliaque
720 2361 808 2419 parva
821 2341 902 2399 fieri':
924 2352 954 2400 et
974 2344 1028 2401 teri
1049 2355 1174 2421 tempus,

85 2452 90 2459 ,
194 2420 298 2482 neutrd
323 2421 464 2480 inclinati
488 2439 538 2497 spe
550 2440 557 2491 ;
578 2439 667 2494 quum
692 2418 870 2477 frumentum
891 2421 1037 2496 copiaeque
1061 2422 1124 2480 aliae
1139 2442 1176 2483 ex

196 2499 262 2558 ante
284 2511 425 2559 convecto
445 2498 555 2576 largiris
578 2499 713 2567 obsessis,
734 2495 822 2571 qudm
842 2498 1051 2566 obsidentibus,
1073 2519 1176 2577 suppe-

195 2563 568 2652 terent.'“Vldebaturque
595 2577 675 2652 aeque
707 2575 862 2646 diuturnus
885 2575 997 2634 iuturus
1023 2575 1112 2650 labor,
1140 2599 1175 2640 ac

196 2658 277 2736 Vejis
301 2659 420 2728 suisset3
442 2657 473 2715 ui
498 2657 614 2714 fortuna
635 2655 799 2732 imperatori
813 2655 950 2712 Romano
968 2655 1052 2712 simul
1067 2667 1096 2714 et
1109 2677 1175 2736 cog·

158 2737 262 2797 aonitae
277 2738 363 2798 rebus
385 2735 500 2796 bellicis
522 2734 635 2794 virtutis
653 2734 803 2813 specimen
816 2744 846 2792 et
869 2742 1011 2794 maturam
1025 2733 1171 2816 victoriam

144 2881 151 2890 .
194 2817 329 2876 dedisset.

234 2971 367 3031 XXVII.
388 2971 453 3032 Mos
466 2983 528 3034 erat
541 2971 674 3042 Faliscis,
689 2972 792 3032 eodem
815 2970 952 3048 magistro
971 2971 1126 3034 liberorum
1140 2989 1170 3038 et

193 3052 301 3111 comite
324 3051 366 3111 uti
377 3071 385 3124 ;
406 3052 547 3130 simulque
568 3053 666 3130 plures
688 3051 771 3128 pueri
794 3049 883 3128 (quod
907 3051 992 3110 bodie
1012 3073 1123 3131 quoqne
1137 3056 1169 3118 in

192 3129 309 3190 Graecid
332 3133 444 3214 manet)
470 3133 557 3191 unius
577 3149 657 3190 cura
677 3130 944 3189 -demandabantun
998 3131 1168 3212 Principum

154 3211 306 3286 stliberos,
335 3210 425 3290 (sicut
450 3211 509 3270 lere
533 3211 580 3293 fit)
602 3211 651 3287 qui
673 3209 797 3268 scientia
820 3209 969 3268 videbatur
991 3213 1166 3288 praecellere,
1205 3269 1209 3274 .

190 3291 349 3348 erudiebat.
391 3289 422 3346 Is
436 3309 525 3364 quum
538 3289 569 3347 in
589 3309 661 3366 pace
676 3289 846 3349 instituisset
866 3307 969 3364 pueros
983 3301 1050 3348 ante
1064 3293 1166 3350 urbem

189 3368 269 3426 lusds
282 3367 496 3442 exercendique
510 3367 599 3426 causi
611 3369 787 3446 producere3
809 3366 880 3424 nihil
894 3386 930 3426 eo
939 3387 1019 3427 more
1031 3389 1083 3445 per
1097 3370 1165 3426 belli

189 3457 305 3521 tempus
318 3445 491 3514 intermisso,
506 3455 577 3520 tum,
591 3447 677 3504 niodo
690 3445 875 3518 brevioribus,
887 3447 973 3504 modd
987 3445 1164 3520 longioribus

189 3523 301 3600 spatiis,
314 3523 456 3582 trahendo
478 3543 528 3583 eos
552 3525 680 3602 aportd,
701 3525 767 3583 lusu
787 3525 1024 3596 sermonibusque
1037 3519 1162 3592 variatis,

150 3600 304 3679 solongids
318 3601 409 3675 solito,
425 3601 474 3660 ubi
496 3621 543 3661 res
564 3603 651 3676 dedit,
675 3621 852 3695 progressus,
874 3602 950 3658 inter
964 3597 1100 3680 stationes
1112 3611 1163 3652 eos

188 3681 315 3740 hostium
329 3690 479 3758 castraque
492 3681 561 3741 inde
575 3683 712 3746 Romana
731 3700 763 3740 1n
776 3677 941 3755 pretorium
955 3673 991 3730 ad
1006 3669 1162 3730 Camdlum

186 3759 331 3837 perduxit.
372 3759 419 3820 Ibi
439 3761 707 3899 scelestqogacinori
728 3753 924 3818 scelestiorem
937 3763 1099 3808 sermonem
1112 3749 1175 3858 ads
